4444 5866
1011 485 1205 506 *m

252 603 648 677 mirmanda
675 597 1186 684 &difficillimi-mod
1211 599 1501 683 ipsanmu'nadrnm
1526 609 1745 685 superaque
1770 600 1972 685 uniquam

249 719 474 808 propemodum
493 718 704 808 amanda
725 737 824 802 nuper
844 737 863 786 a
884 719 1104 804 Stincnbnngio
1126 723 1232 804 primo
1247 728 1399 802 recaptant
1422 727 1478 798 cst
1527 719 1588 801 Soti
1612 721 1761 804 ducciam
1789 723 1825 790 ir
1847 720 1969 799 diccta-

252 857 328 908 nam
350 840 455 926 incidi,
477 840 551 908 libat
573 839 754 924 quibusdam
777 840 844 904 eins
865 839 943 904 locis
964 840 991 905 si
1014 841 1092 906 torta
1112 839 1259 906 sanandis
1282 839 1433 906 oblectare
1453 841 1625 908 animam..

358 959 437 1036 Cat.
466 961 527 1034 18.
579 961 628 1036 Ut
651 958 753 1036 enim
778 981 856 1034 non
882 955 997 1034 omne
1021 957 1166 1054 vinum,
1194 957 1249 1032 sic
1272 983 1350 1035 non
1376 958 1499 1049 omnis
1532 967 1637 1036 aetas
1668 927 1822 1068 mattam
1845 965 1971 1032 vebia·

251 1106 332 1170 tate
356 1095 551 1170 coacescit.
1048 1164 1053 1177 ,
1581 1172 1584 1183 ,

381 1229 450 1295 Non
472 1247 550 1314 opas
572 1245 639 1311 assa
659 1235 734 1314 puto
759 1230 887 1315 utquid
909 1237 993 1296 aetas
1014 1234 1133 1294 matura
1146 1229 1196 1334 stt
1216 1227 1358 1310 pluribus
1380 1235 1556 1334 exponatur.

360 1345 478 1451 Legg.
504 1348 537 1424 l.
565 1350 600 1426 2.
654 1348 818 1424 Annales
842 1347 1059 1448 pontificum
1083 1343 1356 1449 maximorum,
1379 1348 1514 1472 quibus
1539 1348 1631 1422 nihil
1655 1357 1779 1448 potest
1804 1370 1906 1423 osse
1913 1347 1972 1419 in-

255 1479 400 1556 miltius.

357 1617 461 1693 llrut.
487 1617 549 1690 40.
600 1617 680 1691 Etsi
705 1615 807 1712 setis,
833 1614 965 1718 inquit,
991 1615 1084 1690 mihi
1110 1615 1268 1692 videbar
1293 1616 1434 1692 babere
1460 1617 1650 1720 cognitum
1674 1617 1896 1694 Scaevohm
1922 1637 1973 1688 ex

256 1746 302 1823 iis
333 1749 467 1844 rebus,
502 1775 594 1850 quas
626 1749 825 1826 audiebam
857 1775 970 1850 saepe
1002 1775 1054 1827 ex
1086 1751 1128 1826 C.
1162 1749 1323 1848 Rutilio,
1362 1777 1437 1850 quc
1470 1753 1642 1830 utebatur
1672 1749 1971 1852 perfamiliariter

257 1885 453 1980 Scaevola,
480 1895 521 1960 ut
545 1885 656 1979 nosti,
683 1894 809 1960 tamen
834 1885 905 1962 ista
930 1885 1024 1980 mibi
1048 1887 1131 1960 cius
1154 1862 1303 1963 dicendi
1327 1895 1427 1964 tanta
1452 1887 1533 1974 laus
1558 1895 1648 1964 nota
1673 1913 1751 1963 uon
1776 1896 1868 1962 erat.
1987 1981 1990 1988 Ι

357 2021 462 2130 brut
490 2010 557 2098 58.
605 2020 640 2097 0
665 2041 904 2122 generosam,
930 2021 1061 2122 inquit,
1088 2021 1242 2122 stirpem
1249 2072 1263 2116 ,
1295 2028 1332 2095 et
1357 2030 1534 2120 tanquam
1563 2021 1612 2096 in·
1635 2045 1750 2100 unam
1781 2022 1970 2114 erbonem,

257 2155 311 2230 sio
330 2155 369 2231 in
393 2155 504 2266 iatam
529 2155 685 2234 domum
709 2155 913 2232 multorum
939 2155 1089 2232 insitam
1114 2163 1225 2254 atque
1252 2155 1541 2257 conglutinatam
1566 2157 1799 2256 sapientiam.

356 2290 470 2366 Rosa.
496 2287 584 2366 Am.
612 2289 647 2366 5.
698 2289 841 2368 Omnes
867 2292 964 2364 hanc
990 2289 1250 2389 quaestionem
1275 2299 1312 2364 to
1338 2297 1524 2387 praeiere,
1550 2285 1758 2372 manifestis
1776 2289 1969 2366 mleficiis

257 2423 548 2523 quotidianoque
573 2423 751 2524 sanguino
777 2423 942 2518 demissi,
969 2424 1105 2498 iustam
1129 2433 1281 2522 sperant
1306 2423 1484 2500 futuram.

357 2558 455 2633 Sest.
484 2559 546 2634 51.
598 2559 845 2659 Posteaquam
870 2583 954 2639 rom
978 2566 1172 2658 paternam
1196 2555 1244 2632 ab
1270 2556 1472 2637 idiotarum
1496 2558 1634 2635 divitiis
1657 2559 1704 2636 ad
1720 2556 1967 2658 pbilosopho-

243 2669 340 2766 'rum
366 2691 557 2794 pergulam
583 2693 771 2794 perduxit,
798 2692 1024 2772 Graeculum
1047 2715 1091 2768 se
1116 2701 1229 2792 atque
1255 2693 1416 2769 otiosum
1440 2695 1561 2792 putari
1585 2694 1723 2788 nolant,
1759 2692 1881 2770 studio
1906 2691 1968 2766 lit-

256 2837 422 2902 terarum
448 2849 491 2902 ss
517 2827 641 2902 subito
665 2828 816 2904 dedidit.
868 2827 969 2906 Nihil
993 2827 1202 2909 satietatem
1227 2828 1410 2906 iuvabant
1435 2838 1680 2932 confluentes,
1711 2827 1829 2904 libelli
1854 2825 1968 2900 etiem

104 3025 107 3030 ,
255 2986 325 3061 pro
350 2961 439 3036 vino
464 2983 577 3060 saepe
603 2961 952 3062 oppignerabaptur.

307 3184 311 3197 ¹
356 3097 453 3174 Sest.
481 3095 544 3170 69.
596 3095 676 3196 Ego
701 3093 829 3194 pulsus
851 3095 948 3191 aris,
973 3091 1089 3188 locis,
1116 3093 1206 3188 diis,
1233 3096 1448 3192 perietibus,
1474 3097 1668 3176 manuus
1694 3122 1718 3174 a
1742 3098 1837 3177 meis
1863 3095 1965 3170 carui

255 3231 386 3328 patria,
413 3252 540 3329 quam
567 3235 607 3305 ut
632 3227 821 3306 lenissime
842 3227 977 3322 dicam,
1003 3226 1189 3315 inceptem
1214 3251 1423 3307 erexeram.
1552 3276 1557 3293 .

380 3371 405 3432 Α
428 3366 575 3432 clerone
595 3364 635 3430 ad
656 3365 737 3430 alios
755 3365 919 3446 scriptores
941 3361 1092 3428 davnrtnnn
1115 3359 1343 3429 ansndadnnas
1364 3363 1511 3445 quasdam
1534 3381 1617 3435 naas
1638 3366 1865 3448 proposituras:

354 3515 436 3594 Liv.
461 3515 530 3591 Ill.
559 3517 617 3592 11.
667 3514 744 3593 Sed
769 3495 907 3591 vidum
933 3537 1008 3614 ope
1034 3523 1072 3590 ct
1096 3537 1211 3590 manu
1237 3515 1484 3594 obtinendum
1511 3527 1591 3604 erat
1616 3511 1718 3618 quod
1735 3514 1962 3592 intenderes.

352 3650 422 3728 111.
450 3651 508 3727 52.
560 3652 849 3726 Admoniturum
888 3675 1036 3726 sacrum
1074 3659 1245 3733 montem
1285 3652 1514 3730 constantiae
1551 3653 1694 3752 plebis,
1733 3653 1964 3748 succosque

255 3813 327 3890 qun
351 3785 423 3864 nisi
448 3785 613 3864 restituta
637 3795 820 3888 potestate
845 3786 962 3887 redigi
987 3787 1025 3859 in
1052 3785 1293 3863 concordiam
1318 3810 1379 3864 res
1405 3797 1604 3891 nequeant.

352 3921 472 3999 xxti.
502 3925 560 3996 12.
612 3919 688 3998 Sed
710 3929 888 4018 punctum
913 3919 1121 3996 abhorrens
1147 3921 1345 4020 appellatio
1372 3945 1505 3998 eorum
1526 3923 1723 4002 nominum
1740 3948 1810 4022 pro
1827 3923 1961 4000 cauno

255 4059 457 4136 Casilinum
483 4057 563 4132 dux
588 4065 641 4131 ut
652 4054 875 4158 intelligeret
900 4053 1001 4132 fecit

352 4193 473 4274 xxii
497 4191 558 4268 36.
610 4192 704 4268 Nam
729 4190 960 4266 etRomaa
947 4216 987 4264 nn
1000 4190 1184 4266 Aventino
1211 4193 1405 4270 etAriciae
1431 4137 1639 4280 nuntiatum
1659 4205 1740 4270 erat
1764 4196 1833 4270 aanb
1858 4193 1959 4270 idern

253 4341 403 4436 tempus
436 4329 620 4430 lapidibus
651 4325 834 4428 pluvisse3
869 4335 907 4399 et
943 4325 1061 4400 multo
1093 4351 1228 4404 cruore
1253 4329 1357 4432 sigua
1381 4328 1423 4406 in
1447 4327 1616 4424 Sabinis,
1649 4329 1773 4408 Gadis
1797 4355 1912 4430 aquas
1937 4355 1962 4406 e

253 4467 357 4543 fonte
382 4465 519 4542 calidas
544 4487 725 4542 manasse.
1051 4547 1054 4554 ,
1483 4540 1487 4551 ,
1548 4537 1555 4554 ,

350 4601 471 4678 XXII.
496 4603 558 4677 49.
612 4601 777 4693 Mallem,
804 4621 918 4698 quam
942 4597 1086 4674 vinctos
1111 4598 1204 4700 mibi
1228 4599 1408 4679 tradcoet,

349 4737 487 4814 XXIV.
513 4739 573 4814 22.
625 4734 774 4814 Servitii
806 4732 1076 4810 acerbitudincs
1106 4733 1415 4840 indignitatesque
1446 4733 1620 4811 homines
1652 4746 1850 4834 expertos,
1888 4738 1957 4811 ad·

249 4900 378 4956 versus
404 4885 536 4954 notum
559 4873 701 4948 malum
726 4870 885 4964 irritatos
911 4893 1004 4948 esse.
