4520 5896
1093 103 1122 158 V

73 315 77 324 '
153 308 336 383 concludi
363 319 505 408 potest,
539 331 778 405 nequaquam
804 307 928 382 aliens
953 320 1012 382 est
1037 333 1063 382 a
1084 309 1298 407 linguarum
1324 306 1540 406 primordiis
1565 307 1837 384 vocabulorum
1864 310 1925 384 vel
1949 310 2058 388 mini·

150 477 311 528 morum
336 453 618 528 accuratissime
643 451 845 526 distinctio.
892 451 1013 526 Immo
1040 453 1271 528 admirabilis
1296 453 1362 526 illa
1386 453 1707 550 praepositionum
1734 455 2057 553 'conjunctionum-

151 625 230 700 que
274 601 402 699 copia,
442 623 538 697 quae
577 623 626 672 ex
660 597 917 674 vetustissimo
951 609 1123 696 tempore
1158 599 1264 695 quasi
1297 597 1507 676 hereditate
1542 597 1702 696 quadam
1730 599 1779 674 ad
1804 602 2057 698 posteriorum

149 769 271 820 nsum
304 746 497 844 pervenit,
533 743 724 844 quomodo
750 745 856 818 nasci
882 743 1037 818 omnino
1063 743 1268 840 potuisset,
1301 743 1374 818 nisi
1401 743 1583 818 acerrimo
1611 767 1724 820 sensu
1746 747 1826 844 jam
1851 757 1933 822 tu‘m
1957 748 2059 828 inter

149 891 285 966 varias
325 893 387 965 vel
425 891 562 964 horum
600 888 875 964 vocabulorum
913 888 1088 962 nonanes
1128 886 1343 962 distinctum
1377 887 1506 964 essct?
1556 887 1688 986 Itaque
1721 901 1764 966 ut
1793 893 1874 990 iam
1898 891 2057 971 Homeri

147 1049 331 1135 tempore
350 1033 510 1110 multum
530 1033 699 1108 interfuit
724 1034 823 1107 inter
847 1034 938 1134 parti
964 1045 1004 1107 et
1027 1035 1098 1135 eris,
1124 1031 1253 1130 quidni
1275 1032 1475 1108 discrimen
1497 1033 1590 1112 illud
1611 1035 1912 1133 antiquissimum
1932 1039 2056 1132 fuerit,

149 1179 261 1278 quod
295 1181 395 1254 inter
426 1179 585 1254 eandem
616 1180 719 1253 illam
753 1181 813 1258 σύν
837 1179 1158 1278 praepositionem
1185 1183 1342 1276 eamque
1368 1203 1464 1276 quac
1493 1189 1551 1254 est
1576 1178 1751 1279 adjectivi
1776 1181 1872 1280 ipit
1899 1184 2055 1281 stirpem

24 1377 25 1388 η
147 1325 394 1401 intercedere
420 1325 612 1402 vidimus?
663 1323 774 1414 Quod
801 1325 894 1398 mihi
920 1323 1072 1421 quidem
1097 1350 1175 1400 non
1202 1325 1399 1400 recentius
1417 1349 1500 1400 esse
1527 1325 1694 1419 videtur,
1729 1352 1841 1424 quam
1869 1328 1969 1427 quod
1997 1339 2056 1409 eet

24 1445 25 1468 i
147 1471 257 1546 inter
286 1470 379 1574 ξωὸς
411 1473 491 1547 sive
524 1473 625 1559 κοινός
657 1481 695 1546 et
720 1472 820 1573 ὅμός,
852 1471 962 1570 ὅμως
989 1481 1027 1544 et
1051 1471 1150 1545 inter
1173 1469 1376 1544 lstinorum
1404 1495 1496 1544 cum
1522 1481 1560 1546 et
1585 1470 1733 1546 simui.
1783 1471 1881 1551 Nam
1908 1475 1970 1572 qui
1994 1473 2055 1579 {a

24 1687 25 1694 ,
148 1615 236 1690 sive
264 1617 326 1696 σύν
351 1629 389 1692 et
413 1618 572 1692 latinum
599 1641 696 1691 cum
723 1642 747 1690 a
773 1617 957 1692 sanserito
983 1641 1053 1711 sc,
1086 1641 1200 1710 sam,
1232 1615 1425 1714 latinoque
1457 1617 1616 1712 simul,
1647 1618 1826 1694 similis
1853 1631 1892 1696 et
1916 1646 2053 1720 graeco

24 1791 25 1840 t
146 1763 210 1865 at,
241 1761 340 1866 ἅμα,
367 1765 467 1869 ὁμός’
492 1761 622 1864 ὅμως
653 1763 732 1836 n'on
764 1761 957 1838 diversum
983 1785 1066 1836 esse
1093 1760 1238 1854 dicunt,
1276 1761 1303 1836 ii
1329 1761 1511 1856 viderint,
1549 1763 1685 1861 quibus
1712 1767 1895 1865 exemplis
1918 1765 1944 1872 ξ
1969 1779 2053 1844 etc

146 1907 373 1983 litterarum
399 1933 515 1984 sonos
542 1933 591 1982 ex
617 1907 792 1982 sibilante
819 1917 924 1982 ortos
951 1917 1033 1984 esse
1061 1906 1333 1985 demonstrent

316 2052 478 2130 Prorsus
499 2055 583 2128 aliis
602 2054 833 2152 argumentis
854 2079 945 2130 usus
961 2065 1021 2130 est
1037 2053 1100 2152 qui
1119 2077 1241 2152 nuper
1259 2052 1485 2129 sententiam
1503 2063 1673 2129 nomam
1692 2056 1928 2157 impugnavit
1942 2055 2053 2134 Ema-

146 2203 244 2275 nuei
263 2199 529 2294 Hoffmannus,
555 2201 749 2300 professor
762 2199 975 2292 Gratianus,
1000 2199 1040 2272 in
1063 2225 1109 2273 eo
1131 2224 1242 2296 quern
1262 2197 1463 2291 ,Homeros
1490 2199 1568 2274 und
1594 2199 1655 2274 die
1675 2199 1910 2278 Homeriden
1923 2203 2051 2304 (Wien

149 2349 285 2449 1856)⁴
312 2349 502 2446 inscripsit
527 2348 677 2424 libello..
707 2345 780 2436 Qui
806 2369 901 2443 quae
928 2355 1061 2420 contra
1085 2369 1157 2420 nos
1182 2345 1340 2442 protulit
1367 2370 1413 2419 ea
1436 2345 1574 2445 partim
1601 2353 1650 2420 ex
1675 2372 1800 2422 rerum
1822 2346 2051 2426 Graecarum

146 2491 330 2587 historia,
369 2495 506 2593 partim
546 2517 595 2568 ex
628 2493 825 2592 disciplina
858 2490 1104 2591 grammatica
1137 2489 1336 2589 desumpta
1360 2495 1458 2568 sunt
1510 2491 1568 2566 Ac
1593 2493 1755 2592 primum
1782 2496 1944 2594 quidcm'
1960 2505 2050 2596 quo'·

24 2731 25 2736 ¹
144 2641 278 2714 minus
316 2637 525 2714 Homerum
563 2639 855 2714 Homeridarum
894 2636 1017 2738 gentis
1056 2636 1137 2712 sive
1169 2647 1367 2734 poetarum
1400 2637 1524 2736 gantis
1560 2637 1734 2714 sodalitio
1770 2641 1868 2716 inter
1894 2667 1935 2716 se
1962 2668 2049 2718 con·

141 2783 367 2882 junctorum
395 2809 625 2886 eponymum
652 2809 735 2860 esse
763 2783 957 2878 concedat,
985 2810 1030 2859 es
1054 2809 1096 2860 re
1123 2807 1163 2858 se
1189 2781 1363 2881 impediri
1389 2783 1490 2876 dicit,
1517 2783 1619 2881 quod
1641 2809 1736 2882 quae
1756 2785 1796 2860 in
1816 2781 2048 2862 Graecorum

147 2929 367 3006 civitatibus
399 2931 541 3005 firerint
571 2941 723 3029 gentes,
757 2953 823 3006 eae
860 2929 1015 3004 omnino
1041 2953 1120 3003 non
1146 2928 1268 3004 sactae
1295 2928 1362 3004 sed
1388 2940 1500 3006 natae
1528 2935 1641 3004 etex
1669 2931 1929 3029 antiquissimo
1955 2945 2048 3010 tem·

146 3067 250 3173 pore'
272 3087 520 3152 conservatae
548 3073 633 3160 sint
681 3073 765 3167 ,Wo
792 3074 873 3148 sich
901 3073 1146 3171 cunstartiges
1172 3072 1212 3146 in
1238 3071 1306 3146 der
1332 3073 1475 3148 tlteren
1503 3072 1586 3148 Zcit
1610 3073 1679 3150 der
1704 3073 1892 3152 Griechen
1918 3078 2048 3174 findet,

145 3219 289 3296 beruht
322 3219 404 3296 dies
429 3222 493 3296 nie
520 3221 589 3296 aas
608 3221 757 3295 sreier
782 3219 1043 3320 Vereiuigung
1066 3245 1145 3294 von
1170 3217 1415 3313 Individuen,
1448 3219 1633 3294 vielmebr
1659 3221 1743 3295 sind
1771 3237 1812 3296 es
1837 3221 1953 3298 Recte
1979 3223 2048 3300 der

145 3367 253 3442 elten
286 3349 578 3440 orientalischen
609 3363 993 3466 Kastengliederung,
1026 3363 1224 3440 bernhend
1257 3365 1326 3440 aui
1352 3363 1421 3440 der
1446 3363 1704 3467 Fortfuhrung
1730 3369 1834 3443 einer
1859 3368 1938 3444 und
1964 3369 2046 3446 der·

147 3513 282 3588 selben
308 3511 525 3626 Thttigkeit
549 3511 747 3586 innerhsib
776 3512 880 3586 eines
906 3510 1485 3588 verwandtschaftlichen
1510 3509 1663 3587 Kreises
1696 3513 1748 3612 (p.
1777 3514 1839 3612 s).‘
1890 3512 1935 3588 Iu
1969 3519 2045 3613 qu'c
2116 3532 2123 3551 ‘

146 3685 246 3758 quae
283 3659 332 3734 de
371 3659 472 3734 vitae
504 3659 651 3734 ratione
687 3683 736 3732 ex
770 3658 943 3734 orientur
977 3655 1067 3732 sede
1102 3655 1202 3756 apud
1228 3653 1395 3732 Graecos
1426 3669 1651 3733 conservata
1676 3657 1767 3734 dicit
1792 3658 1840 3734 de
1868 3672 2046 3759 quattuor

145 3805 221 3884 illis
260 3808 386 3909 phylis
427 3805 562 3880 Atticis
601 3803 777 3894 valeant;
817 3802 886 3878 sed
927 3827 1078 3896 omues,
1116 3827 1275 3900 quarum
1310 3803 1461 3902 quidem
1493 3803 1654 3880 Athenis
1686 3806 1839 3881 bierunt
1872 3805 2044 3903 CCCLX,

145 3968 281 4055 gentes
319 3981 399 4030 non
430 3951 592 4029 Athenis
629 3960 795 4042 tantum,
836 3947 904 4024 sed
938 3949 979 4024 in
1005 3949 1182 4024 universa
1208 3946 1367 4025 Graecia
1387 3951 1468 4049 jam
1492 3950 1558 4024 illo
1586 3951 1845 4048 antiquissimo
1870 3963 2043 4052 tempore

146 4101 357 4194 exstitisse,
398 4121 604 4196 omnesque
637 4119 716 4170 non
751 4095 837 4195 lege
870 4095 1061 4170 institutas
1088 4095 1156 4170 sed
1181 4107 1319 4170 natura
1342 4095 1462 4172 iactas
1488 4121 1589 4190 esse,
1627 4121 1716 4170 non.
1732 4095 1842 4170 fecile
1868 4097 2042 4196 cuiquam

145 4247 335 4344 probabit.
389 4245 549 4322 Veteres
576 4255 695 4336 certe,
731 4267 754 4316 e
783 4241 919 4340 quibus
945 4240 1034 4338 quid
1061 4239 1131 4316 bac
1158 4239 1205 4314 de
1233 4265 1274 4316 re
1299 4242 1504 4316 memoriae
1536 4239 1728 4340 proditum
1762 4243 1811 4318 sit
1846 4241 1897 4318 M.
1924 4241 1972 4317 H.
1997 4241 2042 4318 E.

144 4389 309 4468 Meierus
334 4393 373 4466 in
399 4393 528 4466 libello
555 4391 602 4466 de
628 4389 837 4490 gentilitate
863 4385 991 4462 Attica
1015 4385 1155 4483 scripto
1181 4361 1234 4485 ip.
1262 4387 1326 4485 23)
1354 4386 1493 4482 docuit,
1518 4413 1597 4463 uon
1623 4391 1688 4486 ἀφ’
1712 4397 1858 4489 αἵματος
1881 4400 2041 4484 tantum,

146 4539 215 4612 sed
241 4540 355 4614 etiam
380 4531 469 4636 ripe
493 4547 626 4636 gentes
651 4535 734 4612 fieri
760 4544 980 4610 statuerunt.
1031 4532 1088 4608 Ac
1116 4534 1198 4632 quis
1224 4533 1426 4612 crediderit
1450 4533 1606 4610 mobilia
1631 4533 1863 4612 Graecorum
1888 4536 2041 4636 ingenia

146 4685 257 4760 novis
277 4683 421 4760 artibus
442 4683 766 4758 efflorescentibus
788 4705 937 4779 semper
960 4679 999 4755 in
1013 4647 1278 4757 vetustissimis
1298 4682 1372 4756 illis
1391 4682 1574 4758 institutis
1589 4683 1833 4781 acquievisse,
1858 4707 1929 4756 nec
1943 4681 2039 4756 ullus

146 4849 312 4928 unquam
339 4841 489 4928 praeter
516 4853 592 4920 eas,
619 4853 713 4926 qnae
741 4829 944 4926 antiquitus
969 4825 1131 4902 traditae
1158 4831 1276 4920 erant,
1302 4840 1434 4928 gentes
1460 4828 1701 4905 condidisse?
1739 4829 1860 4904 Immo
1885 4831 2039 4904 fuerunt

148 4977 302 5052 omnino
337 4975 467 5050 civiles
501 4985 633 5074 gentes
660 5001 683 5048 e
706 4975 942 5050 naturalibus
968 4972 1159 5066 diversae,
1194 4997 1290 5072 quse
1317 4997 1402 5048 cum
1427 4999 1505 5051 non
1532 4977 1724 5076 sanguinis
1751 4975 1819 5051 red
1845 4999 2037 5052 sacrorum
