4444 5866
1168 241 1208 292 lv

242 465 407 572 deducta
446 399 527 538 obse
560 462 724 555 videtur,
763 475 806 536 ut
839 462 1006 538 dativum
1042 466 1193 564 quidem
1225 467 1387 564 aliquem
1419 465 1457 540 in
1478 459 1593 540 xhune
1619 467 1744 541 locum
1771 469 1972 568 quadrare,
1998 479 2128 584 ααναχῇ

243 623 369 685 autem
398 636 482 684 eum
507 609 691 708 particula
717 608 929 706 copulativa
956 611 1199 709 conjunctum
1224 614 1348 687 minus
1375 623 1503 710 aptum
1530 637 1613 688 esse
1641 612 1818 689 dicamus.
1855 613 2128 728 Quaerentibus

241 771 370 864 autem
397 756 507 846 aliam
534 755 651 829 dativi
677 755 837 828 formam
863 755 962 828 ultro
990 781 1030 829 se
1058 757 1171 831 offert
1197 759 1302 856 epica
1326 760 1490 866 ααναχῇς,
1517 757 1564 831 ab
1593 783 1638 832 eo
1665 758 1767 858 quod
1791 774 1924 853 nostro
1951 763 1991 836 in
2018 789 2127 838 versu

241 901 392 976 codices
428 901 672 999 manuscripti
707 899 888 974 exhibent
918 901 997 974 fere
1032 927 1109 975 non
1142 901 1301 977 diversa.
1353 901 1435 977 Hac
1460 915 1613 1002 recepta
1640 907 1826 981 sententia
1852 932 1942 982 sane
1972 909 2129 984 efficitur

241 1049 400 1146 optima3
428 1046 494 1121 sed
513 1047 559 1120 de
576 1047 659 1146 ipsa
673 1047 797 1120 forma
813 1070 915 1120 nova
931 1047 1049 1120 oritur
1066 1045 1261 1143 dubitatio.
1302 1047 1359 1122 Ea
1379 1049 1478 1122 enim
1501 1074 1586 1122 cum
1606 1075 1628 1122 a
1649 1051 1873 1148 quibusdam
1892 1079 1941 1127 ne
1961 1051 2126 1128 Homero

240 1193 393 1292 quidem
420 1219 599 1269 concessa
625 1195 688 1286 sit,
722 1195 928 1292 quaeritur,
965 1219 1056 1268 num
1084 1194 1183 1292 apud
1210 1192 1437 1294 Sophoclem
1463 1195 1552 1268 ferri
1578 1197 1709 1294 possit.
1760 1197 1817 1272 Ac
1845 1197 2127 1272 concedendum

241 1351 300 1414 est
334 1339 493 1414 similem
526 1340 687 1414 somnam
722 1338 822 1438 apud
853 1341 1018 1440 tragicos
1054 1352 1186 1440 poetas
1218 1367 1297 1414 non
1329 1341 1500 1416 inveniri.
1561 1339 1637 1416 Sed
1669 1344 1789 1418 multa
1821 1344 2066 1420 inveniuntur
2090 1346 2127 1417 in

239 1486 368 1586 lyricis
393 1487 615 1586 praesertim
639 1483 919 1586 tragoediarum
945 1487 1117 1584 partibus
1143 1487 1356 1586 singularia,
1383 1499 1420 1562 et
1445 1513 1524 1562 non
1551 1489 1753 1588 evulgato
1779 1501 1928 1566 tantam
1954 1514 2127 1565 sermone

239 1631 309 1706 sed
334 1615 456 1707 ‘etiam
492 1657 514 1705 a
545 1632 791 1730 frequentiori
824 1632 1037 1708 Atticorum
1071 1645 1269 1732 poetannn
1301 1659 1372 1710 usu
1405 1634 1664 1728 abhorrentia,
1702 1597 1742 1708 iri
1776 1635 1835 1711 his
1865 1637 2045 1735 pleraque
2080 1657 2126 1710 ax

172 1847 178 1870 ,
239 1779 431 1852 communi
456 1779 573 1852 totius
598 1779 725 1878 poesis
751 1779 856 1853 fonte
881 1777 1086 1853 Homerico
1114 1779 1292 1855 derivata.
1332 1777 1394 1854 Sic
1419 1781 1459 1854 in
1484 1792 1616 1857 nostra
1641 1781 1769 1855 fabula
1793 1780 1981 1858 babemus
2005 1807 2040 1856 v.
2056 1782 2124 1854 345

240 1925 388 2022 epicum
414 1933 559 2027 είεαλία,
587 1951 621 1999 v.
650 1929 722 2000 846
750 1925 933 2000 aeolicum
960 1924 1071 1998 simul
1098 1936 1136 1998 et
1162 1927 1307 2024 epioum
1333 1923 1430 2028 ὔμμ’,
1458 1953 1534 2026 quo
1557 1938 1754 2027 praeterea
1780 1925 1992 2027 Sophocles
2018 1925 2125 2000 absti-

237 2069 332 2162 nuit,
358 2095 392 2144 v.
421 2073 493 2145 848
520 2071 690 2146 doricum
715 2081 897 2174 ποτείνεες,
930 2097 965 2146 v.
994 2073 1065 2147 969
1093 2069 1139 2152 lls'
1166 2073 1330 2172 epicum,
1357 2073 1459 2172 quod
1484 2073 1726 2149 Hermannus
1752 2061 1940 2168 defendit,
1964 2100 1999 2149 v.
2031 2071 2122 2146 1055

236 2217 345 2320 ὑπαί,
371 2243 405 2292 v.
435 2221 530 2292 1241
558 2227 619 2320 sb,
646 2219 693 2293 de
720 2245 794 2318 quo
821 2219 922 2294 idem
947 2216 1187 2293 Hermamrus
1215 2219 1399 2295 disseruit
1449 2217 1509 2294 De
1536 2220 1618 2296 aliis
1645 2244 1740 2319 quse
1767 2219 1902 2296 similia
1928 2231 2017 2294 sunt
2044 2225 2126 2316 post

238 2360 394 2436 dicetur.
444 2361 571 2438 Nihilo
605 2365 730 2439 minus
745 2363 971 2440 -Ellendtius
1006 2391 1054 2440 ne
1081 2395 1134 2474 ῃσι
1161 2366 1310 2463 quidam
1336 2367 1658 2460 terminationem,
1686 2391 1938 2466 quamsaepe
1966 2365 2123 2454 codices,

236 2499 425 2582 interdum
453 2509 677 2585 scholiastae
702 2511 897 2608 praebent,
924 2507 1106 2609 Sophocli
1131 2511 1412 2588 concedendam
1439 2512 1548 2586 duxit
1573 2511 1680 2611 (Lex.
1698 2510 1812 2611 Soph.
1832 2511 1880 2606 ll,
1906 2538 1941 2612 p.
1956 2510 1993 2586 V
2021 2508 2122 2606 sqq.).

236 2649 330 2726 llihi
361 2678 453 2728 vero
486 2653 625 2728 finibus
652 2655 756 2752 justo
783 2655 983 2730 artioribus
1010 2657 1069 2729 vir
1095 2627 1400 2755 diligentissimus
1426 2659 1621 2734 inclusisse
1648 2657 1797 2734 videtur
1823 2671 1943 2734 artem
1969 2655 2122 2756 tragico·

236 2823 337 2890 rum,
373 2822 467 2895 quos
499 2798 546 2871 ab
579 2823 651 2872 usu
684 2799 856 2897 populari
889 2798 1125 2874 discedentes
1159 2802 1199 2876 in
1230 2801 1359 2876 formis
1394 2804 1596 2878 verborum
1628 2803 1853 2903 recipiendis
1883 2805 2005 2904 magis
2039 2796 2122 2899 quid

235 2943 451 3021 Atticorum
477 2967 586 3018 aures
612 2944 710 3018 ferre
736 2957 895 3043 possent
920 2959 958 3020 et
984 2945 1074 3044 quid
1100 2947 1278 3045 cujusque
1296 2948 1372 3022 loci
1387 2949 1506 3024 colori
1522 2951 1756 3044 conueniret,
1783 2963 1985 3050 spectasse,
2013 2969 2120 3048 quam

233 3087 361 3186 legem
394 3085 581 3185 quandam
608 3087 680 3162 sibi
706 3089 833 3165 stricte
861 3091 1138 3166 observandam
1164 3093 1387 3190 imposuisse
1414 3095 1719 3172 existimaverim.
1771 3093 1895 3186 Quare
1922 3123 1958 3172 v.
1987 3094 2059 3170 589
2084 3085 2120 3164 id

235 3231 339 3332 quod
373 3233 602 3308 scholiorum
628 3233 967 3311 Laurentianorum
994 3239 1215 3314 auctoritate
1242 3239 1526 3316 commendatur
1552 3245 1730 3352 Θςῄασῃαε
1755 3243 1960 3344 genuinum
1986 3239 2118 3326 habeo,

235 3380 343 3478 cujus
377 3405 462 3455 cum
488 3381 630 3480 primae
658 3382 827 3481 syllabae
854 3381 1113 3485 diphthongus
1138 3386 1262 3461 ionica
1286 3387 1475 3462 neminem
1504 3387 1715 3483 offenderit,
1741 3399 1868 3488 potest
1891 3388 1930 3461 in
1958 3379 2117 3462 secunda

235 3524 369 3602 eadem
395 3527 558 3601 tolerari.
611 3525 755 3617 Quodsi
779 3559 833 3637 pet
859 3530 1078 3606 conceditur
1104 3543 1256 3630 poetae,
1283 3531 1413 3630 quidni
1437 3531 1538 3608 idern
1564 3531 1807 3610 Homericum
1832 3531 1869 3644 ᾗς
1893 3537 2116 3642 dirumpo,

231 3675 355 3783 πέτρῃς
378 3675 461 3782 spic
484 3676 673 3784 psqdhpcu
701 3676 872 3752 'imitatus
900 3685 1019 3752 'usum
1052 3678 1163 3754 simul
1197 3689 1235 3754 et
1266 3678 1426 3754 formam
1453 3679 1570 3756 dativi
1596 3705 1646 3756 ex
1672 3681 1778 3782 epico
1805 3679 1956 3756 dicendi
1981 3695 2115 3780 genera
2193 3643 2194 3676 ³

234 3833 427 3896 mutuatus
453 3822 526 3896 sit?
565 3821 667 3898 Usus
692 3823 792 3898 enim
818 3823 1035 3900 dativi'hoc
1054 3827 1140 3902 loeo
1162 3825 1293 3901 similis
1311 3837 1369 3902 est
1386 3828 1592 3904 notissimis
1614 3827 1687 3904 illis
1707 3827 1890 3926 exemplis
1908 3817 2116 3902 Homericis

232 3964 445 4078 ποδωκείῃσι,
476 3935 712 4080 πολυϊδρείῃσι,
746 3993 842 4068 quae
877 3997 900 4044 a
932 3969 1231 4074 Naegelsbachio
1268 3971 1457 4070 quondam
1491 3985 1652 4050 tractatu
1684 3986 1790 4064 sunt,
1828 3998 1929 4049 nune
1964 3969 2118 4048 collecta

236 4115 355 4190 habes
379 4115 420 4190 in
444 4113 607 4217 Krugeri
634 4118 899 4217 grammaticae
932 4117 1007 4192 vol.
1034 4115 1080 4211 ΙΙ,
1109 4121 1142 4212 2,
1169 4143 1204 4216 p.
1234 4119 1316 4197 153.
1342 4161 1393 4178 -·
1417 4119 1505 4198 dam
1530 4145 1623 4197 vero
1651 4119 1698 4194 de
1725 4120 2117 4229 sequentiarum

233 4259 441 4336 videndum
467 4275 533 4338 est.
584 4263 643 4338 Ita
677 4262 778 4340 enim
811 4276 850 4340 et
880 4265 1002 4363 prima
1027 4289 1142 4340 manu
1167 4265 1206 4340 in
1230 4263 1295 4340 La
1323 4265 1500 4364 scriptum
1528 4277 1652 4342 exstat
1678 4277 1716 4340 et
1741 4265 1841 4365 apud
1867 4267 2114 4348 scholiastum,

234 4433 353 4508 eaque
378 4410 490 4486 lectio
517 4412 765 4511 responsione
790 4433 923 4488 versus
952 4413 1022 4486 113

858 4559 965 4644 alardo
990 4559 1025 4644 ἐς
1049 4559 1118 4660 ’γαῖν
1141 4556 1183 4645 εἰς
1206 4559 1380 4666 ὑπερέπτα

230 4699 435 4776 dimetrum
467 4705 746 4801 anapaestieum
779 4707 1025 4795 acataleeturu
1052 4705 1249 4782 efficientis
1275 4705 1527 4780 confirmatur.
1579 4703 1697 4782 Varia
1721 4716 1847 4782 autem
1872 4705 2110 4804 interpretum

232 4851 434 4924 conamina
468 4875 687 4926 enumerare
719 4853 875 4953 longum
907 4863 975 4928 est.
1028 4849 1185 4927 Constat
1209 4877 1233 4926 a
1258 4851 1448 4928 veteribus
1474 4835 1614 4928 nomen
1640 4851 1733 4928 illud
1760 4837 2013 4928 accusativum
2038 4843 2110 4944 plu·

230 4995 322 5070 ralis
355 4995 503 5095 generis
538 4997 734 5072 masculini
764 4999 934 5076 habitum
970 5023 1071 5092 esse,
1105 5023 1148 5072 ac
1180 4999 1340 5072 fortasse
1367 4995 1519 5074 defendi
1546 4999 1684 5098 poterit
1707 5000 1726 5076 ὁ
1750 4999 1951 5106 ὑπεραπίαε
1976 5009 2109 5076 eorum,

232 5165 328 5238 quiae
363 5165 386 5216 a
416 5139 608 5218 Lobeekio
644 5141 857 5244 (Patholog.
889 5145 1037 5246 Proleg.
1069 5170 1105 5245 p.
1133 5145 1223 5242 491)
1257 5157 1436 5244 congesta
1467 5158 1555 5222 sunt
1586 5144 1844 5243 exemplorum
1880 5169 1960 5244 ope.
2018 5133 2107 5214 Nam

233 5311 320 5362 cum
353 5287 620 5390 hypocoristici
654 5288 831 5386 quiddam
864 5291 902 5366 in
936 5291 1001 5366 illa
1033 5290 1297 5366 terminatione
1332 5289 1434 5385 insit,
1468 5290 1658 5391 quomodo
1682 5302 1867 5401 τρυφῃίας
1892 5318 1914 5366 a
1938 5278 2106 5400 opidani,
