<?xml version="1.0" encoding="UTF-8"?>
<!DOCTYPE html PUBLIC "-//W3C//DTD XHTML 1.0 Transitional//EN"
    "http://www.w3.org/TR/xhtml1/DTD/xhtml1-transitional.dtd">
<html xmlns="http://www.w3.org/1999/xhtml" xml:lang="en" lang="en">
 <head>
  <title>
</title>
<meta http-equiv="Content-Type" content="text/html;charset=utf-8" />
  <meta name='ocr-system' content='tesseract 3.04.00' />
  <meta name='ocr-capabilities' content='ocr_page ocr_carea ocr_par ocr_line ocrx_word'/>
</head>
<body>
  <div class='ocr_page' id='page_1' title='image "./denominumgraeco00curtgoog_0234.png"; bbox 0 0 4520 5896; ppageno 0'>
   <div class='ocr_carea' id='block_1_1' title="bbox 838 695 1273 762">
    <p class='ocr_par' dir='ltr' id='par_1_1' title="bbox 838 695 1273 762">
     <span class='ocr_line' id='line_1_1' title="bbox 838 695 1273 762; baseline -0.002 -29"><span class='ocrx_word' id='word_1_1' title='bbox 838 695 1273 762; x_wconf 60' lang='grc'>.-.-7.-.-,</span> 
     </span>
    </p>
   </div>
   <div class='ocr_carea' id='block_1_2' title="bbox 279 886 1759 2186">
    <p class='ocr_par' dir='ltr' id='par_1_2' title="bbox 279 886 1759 2186">
     <span class='ocr_line' id='line_1_2' title="bbox 361 886 1755 976; baseline -0.006 -15"><span class='ocrx_word' id='word_1_2' title='bbox 361 897 395 960; x_wconf 92' lang='lat' dir='ltr'><strong>in</strong></span> <span class='ocrx_word' id='word_1_3' title='bbox 418 895 548 960; x_wconf 86' lang='lat' dir='ltr'><strong>Graecis</strong></span> <span class='ocrx_word' id='word_1_4' title='bbox 570 893 668 976; x_wconf 91' lang='lat' dir='ltr'><strong>hujus</strong></span> <span class='ocrx_word' id='word_1_5' title='bbox 691 892 819 976; x_wconf 82' lang='lat' dir='ltr'><strong>generis</strong></span> <span class='ocrx_word' id='word_1_6' title='bbox 842 891 1009 975; x_wconf 75' lang='lat' dir='ltr'><strong>adjectivis</strong></span> <span class='ocrx_word' id='word_1_7' title='bbox 1036 891 1207 958; x_wconf 81' lang='lat' dir='ltr'><strong>facillimus</strong></span> <span class='ocrx_word' id='word_1_8' title='bbox 1234 897 1284 954; x_wconf 88' lang='lat' dir='ltr'><strong>est</strong></span> <span class='ocrx_word' id='word_1_9' title='bbox 1309 889 1350 954; x_wconf 87' lang='lat' dir='ltr'><strong>ab</strong></span> <span class='ocrx_word' id='word_1_10' title='bbox 1384 891 1488 954; x_wconf 89' lang='lat' dir='ltr'><strong>activa</strong></span> <span class='ocrx_word' id='word_1_11' title='bbox 1522 888 1562 954; x_wconf 93' lang='lat' dir='ltr'><strong>ad</strong></span> <span class='ocrx_word' id='word_1_12' title='bbox 1595 886 1755 970; x_wconf 79' lang='lat' dir='ltr'>passivam</span> 
     </span>
     <span class='ocr_line' id='line_1_3' title="bbox 363 994 1756 1089; baseline -0.005 -18"><span class='ocrx_word' id='word_1_13' title='bbox 363 1005 627 1089; x_wconf 85' lang='lat' dir='ltr'><strong>significationem</strong></span> <span class='ocrx_word' id='word_1_14' title='bbox 649 1003 817 1067; x_wconf 80' lang='lat' dir='ltr'><strong>transitus.</strong></span> <span class='ocrx_word' id='word_1_15' title='bbox 863 1001 915 1067; x_wconf 89' lang='lat' dir='ltr'><strong>Sic</strong></span> <span class='ocrx_word' id='word_1_16' title='bbox 937 1002 1042 1066; x_wconf 90' lang='lat' dir='ltr'><strong>varius</strong></span> <span class='ocrx_word' id='word_1_17' title='bbox 1064 1000 1154 1066; x_wconf 88' lang='lat' dir='ltr'><strong>vocis·</strong></span> <span class='ocrx_word' id='word_1_18' title='bbox 1174 994 1347 1088; x_wconf 81' lang='grc' dir='ltr'><strong><em>ἆρπαλέος</em></strong></span> <span class='ocrx_word' id='word_1_19' title='bbox 1369 1023 1445 1065; x_wconf 91' lang='lat' dir='ltr'><strong>usus</strong></span> <span class='ocrx_word' id='word_1_20' title='bbox 1470 1001 1659 1084; x_wconf 83' lang='lat' dir='ltr'><strong>explicatur.</strong></span> <span class='ocrx_word' id='word_1_21' title='bbox 1692 999 1756 1064; x_wconf 91' lang='lat' dir='ltr'><strong>De.</strong></span> 
     </span>
     <span class='ocr_line' id='line_1_4' title="bbox 363 1104 1757 1198; baseline -0.006 -17"><span class='ocrx_word' id='word_1_22' title='bbox 363 1116 488 1182; x_wconf 90' lang='lat' dir='ltr'><strong>rivatur</strong></span> <span class='ocrx_word' id='word_1_23' title='bbox 509 1114 589 1180; x_wconf 88' lang='lat' dir='ltr'><strong>haec</strong></span> <span class='ocrx_word' id='word_1_24' title='bbox 611 1113 652 1178; x_wconf 88' lang='lat' dir='ltr'><strong>ab</strong></span> <span class='ocrx_word' id='word_1_25' title='bbox 677 1135 716 1178; x_wconf 92' lang='lat' dir='ltr'><strong>ea</strong></span> <span class='ocrx_word' id='word_1_26' title='bbox 742 1114 856 1196; x_wconf 90' lang='lat' dir='ltr'><strong>stirpe,</strong></span> <span class='ocrx_word' id='word_1_27' title='bbox 881 1133 964 1196; x_wconf 89' lang='lat' dir='ltr'><strong>quae</strong></span> <span class='ocrx_word' id='word_1_28' title='bbox 987 1105 1129 1198; x_wconf 78' lang='grc' dir='ltr'><em>ἅρπ-αξ,</em></span> <span class='ocrx_word' id='word_1_29' title='bbox 1152 1104 1311 1196; x_wconf 54' lang='lat' dir='ltr'><strong>ripa-‹ito›</strong></span> <span class='ocrx_word' id='word_1_30' title='bbox 1340 1110 1503 1176; x_wconf 88' lang='lat' dir='ltr'><strong>vocabulis</strong></span> <span class='ocrx_word' id='word_1_31' title='bbox 1530 1110 1698 1194; x_wconf 89' lang='lat' dir='ltr'><strong>supposita</strong></span> <span class='ocrx_word' id='word_1_32' title='bbox 1724 1106 1757 1173; x_wconf 75' lang='lat' dir='ltr'><strong>et</strong></span> 
     </span>
     <span class='ocr_line' id='line_1_5' title="bbox 367 1213 1758 1310; baseline -0.004 -20"><span class='ocrx_word' id='word_1_33' title='bbox 367 1247 387 1290; x_wconf 86' lang='lat' dir='ltr'><strong>a</strong></span> <span class='ocrx_word' id='word_1_34' title='bbox 409 1225 555 1310; x_wconf 90' lang='lat' dir='ltr'><strong>rapiendi</strong></span> <span class='ocrx_word' id='word_1_35' title='bbox 578 1225 675 1289; x_wconf 90' lang='lat' dir='ltr'><strong>verbo</strong></span> <span class='ocrx_word' id='word_1_36' title='bbox 697 1245 762 1288; x_wconf 90' lang='lat' dir='ltr'><strong>non</strong></span> <span class='ocrx_word' id='word_1_37' title='bbox 784 1223 914 1287; x_wconf 89' lang='lat' dir='ltr'><strong>diversa</strong></span> <span class='ocrx_word' id='word_1_38' title='bbox 941 1227 999 1286; x_wconf 85' lang='lat' dir='ltr'><strong>est</strong></span> <span class='ocrx_word' id='word_1_39' title='bbox 1045 1221 1160 1305; x_wconf 90' lang='lat' dir='ltr'><strong>Itaque</strong></span> <span class='ocrx_word' id='word_1_40' title='bbox 1184 1213 1358 1307; x_wconf 79' lang='grc' dir='ltr'><strong><em>ἁρπαλὲος</em></strong></span> <span class='ocrx_word' id='word_1_41' title='bbox 1386 1226 1419 1284; x_wconf 90' lang='lat' dir='ltr'><strong>et</strong></span> <span class='ocrx_word' id='word_1_42' title='bbox 1445 1220 1484 1284; x_wconf 91' lang='lat' dir='ltr'><strong>de</strong></span> <span class='ocrx_word' id='word_1_43' title='bbox 1511 1221 1639 1284; x_wconf 93' lang='lat' dir='ltr'><strong>homine</strong></span> <span class='ocrx_word' id='word_1_44' title='bbox 1667 1239 1758 1284; x_wconf 89' lang='lat' dir='ltr'><strong>usur·</strong></span> 
     </span>
     <span class='ocr_line' id='line_1_6' title="bbox 279 1329 1757 1418; baseline -0.003 -20"><span class='ocrx_word' id='word_1_45' title='bbox 279 1383 281 1390; x_wconf 81' lang='grc'>.</span> <span class='ocrx_word' id='word_1_46' title='bbox 368 1340 480 1418; x_wconf 90' lang='lat' dir='ltr'><strong>patur,</strong></span> <span class='ocrx_word' id='word_1_47' title='bbox 510 1334 566 1418; x_wconf 91' lang='lat' dir='ltr'><strong>qui</strong></span> <span class='ocrx_word' id='word_1_48' title='bbox 589 1335 665 1418; x_wconf 86' lang='lat' dir='ltr'><strong>quia</strong></span> <span class='ocrx_word' id='word_1_49' title='bbox 688 1334 835 1399; x_wconf 79' lang='lat' dir='ltr'><strong>celeriter</strong></span> <span class='ocrx_word' id='word_1_50' title='bbox 858 1331 992 1416; x_wconf 88' lang='lat' dir='ltr'><strong>corripit</strong></span> <span class='ocrx_word' id='word_1_51' title='bbox 1014 1351 1224 1414; x_wconf 89' lang='lat' dir='ltr'><strong>quaecunque</strong></span> <span class='ocrx_word' id='word_1_52' title='bbox 1246 1352 1305 1395; x_wconf 89' lang='lat' dir='ltr'><strong>sua</strong></span> <span class='ocrx_word' id='word_1_53' title='bbox 1326 1347 1396 1396; x_wconf 86' lang='lat' dir='ltr'><strong>esse</strong></span> <span class='ocrx_word' id='word_1_54' title='bbox 1419 1331 1519 1413; x_wconf 87' lang='lat' dir='ltr'><strong>eupit,</strong></span> <span class='ocrx_word' id='word_1_55' title='bbox 1546 1337 1583 1396; x_wconf 93' lang='lat' dir='ltr'><strong>ut</strong></span> <span class='ocrx_word' id='word_1_56' title='bbox 1604 1329 1666 1396; x_wconf 92' lang='lat' dir='ltr'><strong>hoc</strong></span> <span class='ocrx_word' id='word_1_57' title='bbox 1688 1351 1757 1396; x_wconf 90' lang='lat' dir='ltr'><strong>ver·</strong></span> 
     </span>
     <span class='ocr_line' id='line_1_7' title="bbox 368 1440 1755 1527; baseline -0.002 -18"><span class='ocrx_word' id='word_1_58' title='bbox 368 1445 448 1510; x_wconf 90' lang='lat' dir='ltr'><strong>bum</strong></span> <span class='ocrx_word' id='word_1_59' title='bbox 464 1464 503 1508; x_wconf 90' lang='lat' dir='ltr'><strong>ex</strong></span> <span class='ocrx_word' id='word_1_60' title='bbox 518 1444 664 1524; x_wconf 88' lang='lat' dir='ltr'><strong>aliorum,</strong></span> <span class='ocrx_word' id='word_1_61' title='bbox 684 1443 774 1509; x_wconf 89' lang='lat' dir='ltr'><strong>velut</strong></span> <span class='ocrx_word' id='word_1_62' title='bbox 789 1445 932 1518; x_wconf 71' lang='lat' dir='ltr'><strong>medulco,</strong></span> <span class='ocrx_word' id='word_1_63' title='bbox 953 1444 1102 1519; x_wconf 70' lang='lat' dir='ltr'><strong>aemam,</strong></span> <span class='ocrx_word' id='word_1_64' title='bbox 1126 1441 1333 1506; x_wconf 78' lang='lat' dir='ltr'><strong>similitudine</strong></span> <span class='ocrx_word' id='word_1_65' title='bbox 1356 1440 1482 1524; x_wconf 81' lang='lat' dir='ltr'><strong>fingam,</strong></span> <span class='ocrx_word' id='word_1_66' title='bbox 1506 1441 1600 1523; x_wconf 89' lang='lat' dir='ltr'><strong>quasi</strong></span> <span class='ocrx_word' id='word_1_67' title='bbox 1622 1444 1755 1527; x_wconf 78' lang='lat' dir='ltr'><strong>repulus,</strong></span> 
     </span>
     <span class='ocr_line' id='line_1_8' title="bbox 371 1551 1758 1638; baseline -0.002 -20"><span class='ocrx_word' id='word_1_68' title='bbox 371 1555 421 1618; x_wconf 91' lang='lat' dir='ltr'><strong>vel</strong></span> <span class='ocrx_word' id='word_1_69' title='bbox 443 1559 556 1619; x_wconf 87' lang='lat' dir='ltr'><strong>nostra</strong></span> <span class='ocrx_word' id='word_1_70' title='bbox 582 1552 694 1636; x_wconf 84' lang='lat' dir='ltr'><strong>lingua</strong></span> <span class='ocrx_word' id='word_1_71' title='bbox 720 1555 885 1638; x_wconf 74' lang='lat' dir='ltr'><strong>bepetrb&#39;ct</strong></span> <span class='ocrx_word' id='word_1_72' title='bbox 909 1552 1017 1619; x_wconf 88' lang='lat' dir='ltr'><strong>vocari</strong></span> <span class='ocrx_word' id='word_1_73' title='bbox 1044 1552 1175 1635; x_wconf 88' lang='lat' dir='ltr'><strong>poterit,</strong></span> <span class='ocrx_word' id='word_1_74' title='bbox 1203 1557 1236 1616; x_wconf 90' lang='lat' dir='ltr'><strong>et</strong></span> <span class='ocrx_word' id='word_1_75' title='bbox 1262 1552 1302 1616; x_wconf 92' lang='lat' dir='ltr'><strong>de</strong></span> <span class='ocrx_word' id='word_1_76' title='bbox 1328 1573 1362 1616; x_wconf 88' lang='lat' dir='ltr'><strong>re</strong></span> <span class='ocrx_word' id='word_1_77' title='bbox 1390 1551 1505 1634; x_wconf 91' lang='lat' dir='ltr'><strong>cupide</strong></span> <span class='ocrx_word' id='word_1_78' title='bbox 1537 1553 1630 1634; x_wconf 91' lang='lat' dir='ltr'><strong>quasi</strong></span> <span class='ocrx_word' id='word_1_79' title='bbox 1662 1558 1758 1635; x_wconf 86' lang='lat' dir='ltr'><strong>rapta</strong></span> 
     </span>
     <span class='ocr_line' id='line_1_9' title="bbox 370 1652 1758 1750; baseline -0.001 -22"><span class='ocrx_word' id='word_1_80' title='bbox 370 1665 419 1730; x_wconf 89' lang='lat' dir='ltr'><strong>vel</strong></span> <span class='ocrx_word' id='word_1_81' title='bbox 450 1670 601 1748; x_wconf 90' lang='lat' dir='ltr'><strong>correpta</strong></span> <span class='ocrx_word' id='word_1_82' title='bbox 621 1665 785 1750; x_wconf 65' lang='lat' dir='ltr'><strong>(tapeta).</strong></span> <span class='ocrx_word' id='word_1_83' title='bbox 836 1666 943 1742; x_wconf 87' lang='lat' dir='ltr'><strong>Quare</strong></span> <span class='ocrx_word' id='word_1_84' title='bbox 970 1663 1004 1726; x_wconf 90' lang='lat' dir='ltr'><strong>in</strong></span> <span class='ocrx_word' id='word_1_85' title='bbox 1032 1663 1165 1727; x_wconf 88' lang='lat' dir='ltr'><strong>Homeri</strong></span> <span class='ocrx_word' id='word_1_86' title='bbox 1194 1663 1388 1728; x_wconf 78' lang='lat' dir='ltr'><strong>carminibus</strong></span> <span class='ocrx_word' id='word_1_87' title='bbox 1414 1661 1550 1742; x_wconf 83' lang='lat' dir='ltr'><strong>legimus</strong></span> <span class='ocrx_word' id='word_1_88' title='bbox 1579 1668 1611 1726; x_wconf 93' lang='lat' dir='ltr'><strong>et</strong></span> <span class='ocrx_word' id='word_1_89' title='bbox 1638 1652 1758 1748; x_wconf 78' lang='grc' dir='ltr'><em>ἤσθιεν</em></span> 
     </span>
     <span class='ocr_line' id='line_1_10' title="bbox 369 1763 1755 1862; baseline -0.002 -23"><span class='ocrx_word' id='word_1_90' title='bbox 369 1771 553 1862; x_wconf 76' lang='grc' dir='ltr'><strong><em>ἁρπαλέως</em></strong></span> <span class='ocrx_word' id='word_1_91' title='bbox 575 1779 609 1838; x_wconf 92' lang='lat' dir='ltr'><strong>et</strong></span> <span class='ocrx_word' id='word_1_92' title='bbox 624 1771 746 1862; x_wconf 75' lang='grc' dir='ltr'><strong><em>κέρδεα</em></strong></span> <span class='ocrx_word' id='word_1_93' title='bbox 761 1769 925 1861; x_wconf 70' lang='lat' dir='ltr'><strong>donatio.</strong></span> <span class='ocrx_word' id='word_1_94' title='bbox 949 1769 1068 1858; x_wconf 75' lang='grc' dir='ltr'><strong><em>ἕκηλος</em></strong></span> <span class='ocrx_word' id='word_1_95' title='bbox 1082 1774 1220 1838; x_wconf 86' lang='lat' dir='ltr'><strong>activum</strong></span> <span class='ocrx_word' id='word_1_96' title='bbox 1236 1779 1295 1850; x_wconf 87' lang='lat' dir='ltr'><strong>est,</strong></span> <span class='ocrx_word' id='word_1_97' title='bbox 1319 1765 1475 1859; x_wconf 79' lang='grc' dir='ltr'><strong><em>ἀεκήλιος</em></strong></span> <span class='ocrx_word' id='word_1_98' title='bbox 1491 1763 1648 1857; x_wconf 72' lang='grc' dir='ltr'><strong>(ἀεκήλια</strong></span> <span class='ocrx_word' id='word_1_99' title='bbox 1662 1764 1755 1860; x_wconf 72' lang='grc' dir='ltr'>ἔργα)</span> 
     </span>
     <span class='ocr_line' id='line_1_11' title="bbox 377 1874 1759 1971; baseline 0 -23"><span class='ocrx_word' id='word_1_100' title='bbox 377 1883 548 1968; x_wconf 88' lang='lat' dir='ltr'><strong>passivum,</strong></span> <span class='ocrx_word' id='word_1_101' title='bbox 573 1881 746 1971; x_wconf 80' lang='grc' dir='ltr'><strong><em>τροχαλός,</em></strong></span> <span class='ocrx_word' id='word_1_102' title='bbox 771 1881 890 1962; x_wconf 78' lang='grc' dir='ltr'><strong><em>δειλός,</em></strong></span> <span class='ocrx_word' id='word_1_103' title='bbox 908 1874 1059 1969; x_wconf 70' lang='grc' dir='ltr'><strong><em>σιγηλός,</em></strong></span> <span class='ocrx_word' id='word_1_104' title='bbox 1082 1881 1259 1967; x_wconf 77' lang='grc' dir='ltr'><strong><em>λευγαλέος</em></strong></span> <span class='ocrx_word' id='word_1_105' title='bbox 1281 1883 1400 1962; x_wconf 88' lang='lat' dir='ltr'><strong>activa,</strong></span> <span class='ocrx_word' id='word_1_106' title='bbox 1424 1877 1588 1968; x_wconf 79' lang='grc' dir='ltr'><strong><em>στυφελός</em></strong></span> <span class='ocrx_word' id='word_1_107' title='bbox 1609 1903 1666 1948; x_wconf 88' lang='lat' dir='ltr'><strong>seu</strong></span> <span class='ocrx_word' id='word_1_108' title='bbox 1688 1903 1759 1948; x_wconf 81' lang='lat' dir='ltr'><strong>ccv·</strong></span> 
     </span>
     <span class='ocr_line' id='line_1_12' title="bbox 371 1983 1759 2080; baseline 0.003 -25"><span class='ocrx_word' id='word_1_109' title='bbox 371 1988 465 2080; x_wconf 82' lang='grc' dir='ltr'><strong><em>φλός,</em></strong></span> <span class='ocrx_word' id='word_1_110' title='bbox 480 1987 620 2075; x_wconf 61' lang='lat' dir='ltr'><strong>,reiculos</strong></span> <span class='ocrx_word' id='word_1_111' title='bbox 634 1999 667 2058; x_wconf 89' lang='lat' dir='ltr'><strong>et</strong></span> <span class='ocrx_word' id='word_1_112' title='bbox 687 1994 816 2070; x_wconf 70' lang='lat' dir='ltr'><strong>madius,</strong></span> <span class='ocrx_word' id='word_1_113' title='bbox 841 1983 1017 2070; x_wconf 76' lang='grc' dir='ltr'><strong><em>ὀπταλέος,</em></strong></span> <span class='ocrx_word' id='word_1_114' title='bbox 1040 1985 1190 2078; x_wconf 71' lang='grc' dir='ltr'><strong><em>ἐξίτηλος</em></strong></span> <span class='ocrx_word' id='word_1_115' title='bbox 1210 1994 1338 2076; x_wconf 89' lang='lat' dir='ltr'><strong>passiva</strong></span> <span class='ocrx_word' id='word_1_116' title='bbox 1352 1995 1383 2056; x_wconf 93' lang='lat' dir='ltr'><strong>vi</strong></span> <span class='ocrx_word' id='word_1_117' title='bbox 1398 1993 1545 2076; x_wconf 86' lang='lat' dir='ltr'><strong>praedita</strong></span> <span class='ocrx_word' id='word_1_118' title='bbox 1560 1999 1644 2058; x_wconf 89' lang='lat' dir='ltr'><strong>sunt.</strong></span> <span class='ocrx_word' id='word_1_119' title='bbox 1677 1995 1759 2060; x_wconf 90' lang='lat' dir='ltr'><strong>Mul-</strong></span> 
     </span>
     <span class='ocr_line' id='line_1_13' title="bbox 370 2101 1759 2186; baseline 0.001 -18"><span class='ocrx_word' id='word_1_120' title='bbox 370 2104 414 2168; x_wconf 89' lang='lat' dir='ltr'><strong>tis</strong></span> <span class='ocrx_word' id='word_1_121' title='bbox 441 2123 518 2168; x_wconf 84' lang='lat' dir='ltr'><strong>sane</strong></span> <span class='ocrx_word' id='word_1_122' title='bbox 545 2102 661 2167; x_wconf 88' lang='lat' dir='ltr'><strong>horum</strong></span> <span class='ocrx_word' id='word_1_123' title='bbox 687 2103 930 2180; x_wconf 90' lang='lat' dir='ltr'><strong>vocabulorum,</strong></span> <span class='ocrx_word' id='word_1_124' title='bbox 963 2101 1152 2168; x_wconf 86' lang='lat' dir='ltr'><strong>Latinorum</strong></span> <span class='ocrx_word' id='word_1_125' title='bbox 1179 2104 1331 2182; x_wconf 84' lang='lat' dir='ltr'><strong>maxime,</strong></span> <span class='ocrx_word' id='word_1_126' title='bbox 1359 2103 1420 2167; x_wconf 92' lang='lat' dir='ltr'><strong>hoc</strong></span> <span class='ocrx_word' id='word_1_127' title='bbox 1446 2102 1609 2186; x_wconf 89' lang='lat' dir='ltr'><strong>proprium</strong></span> <span class='ocrx_word' id='word_1_128' title='bbox 1633 2111 1694 2180; x_wconf 90' lang='lat' dir='ltr'><strong>est,</strong></span> <span class='ocrx_word' id='word_1_129' title='bbox 1721 2113 1759 2170; x_wconf 92' lang='lat' dir='ltr'><strong>ut</strong></span> 
     </span>
    </p>
   </div>
   <div class='ocr_carea' id='block_1_3' title="bbox 267 2204 1757 2297">
    <p class='ocr_par' dir='ltr' id='par_1_3' title="bbox 267 2204 1757 2297">
     <span class='ocr_line' id='line_1_14' title="bbox 267 2204 1757 2297; baseline -0.005 -19"><span class='ocrx_word' id='word_1_130' title='bbox 267 2204 272 2214; x_wconf 83' lang='grc'><strong><em>’</em></strong></span> <span class='ocrx_word' id='word_1_131' title='bbox 372 2213 562 2278; x_wconf 84' lang='lat' dir='ltr'><strong>facultatem</strong></span> <span class='ocrx_word' id='word_1_132' title='bbox 584 2213 746 2296; x_wconf 89' lang='lat' dir='ltr'><strong>quandam</strong></span> <span class='ocrx_word' id='word_1_133' title='bbox 769 2214 817 2278; x_wconf 89' lang='lat' dir='ltr'><strong>rei</strong></span> <span class='ocrx_word' id='word_1_134' title='bbox 839 2214 971 2293; x_wconf 87' lang='lat' dir='ltr'><strong>alicujus</strong></span> <span class='ocrx_word' id='word_1_135' title='bbox 993 2213 1208 2296; x_wconf 90' lang='lat' dir='ltr'><strong>perficiendae</strong></span> <span class='ocrx_word' id='word_1_136' title='bbox 1230 2213 1419 2297; x_wconf 86' lang='lat' dir='ltr'><strong>significent,</strong></span> <span class='ocrx_word' id='word_1_137' title='bbox 1441 2213 1499 2277; x_wconf 89' lang='lat' dir='ltr'><strong>sed</strong></span> <span class='ocrx_word' id='word_1_138' title='bbox 1521 2231 1586 2276; x_wconf 94' lang='lat' dir='ltr'><strong>non</strong></span> <span class='ocrx_word' id='word_1_139' title='bbox 1601 2208 1757 2272; x_wconf 90' lang='lat' dir='ltr'><strong>omnibus.</strong></span> 
     </span>
    </p>
   </div>
   <div class='ocr_carea' id='block_1_4' title="bbox 352 2318 1763 4837">
    <p class='ocr_par' dir='ltr' id='par_1_4' title="bbox 352 2318 1763 4837">
     <span class='ocr_line' id='line_1_15' title="bbox 376 2318 1759 2410; baseline -0.004 -24"><span class='ocrx_word' id='word_1_140' title='bbox 376 2323 425 2388; x_wconf 84' lang='lat' dir='ltr'><strong>Ea</strong></span> <span class='ocrx_word' id='word_1_141' title='bbox 446 2343 529 2408; x_wconf 89' lang='lat' dir='ltr'><strong>quae</strong></span> <span class='ocrx_word' id='word_1_142' title='bbox 551 2323 584 2388; x_wconf 93' lang='lat' dir='ltr'><strong>in</strong></span> <span class='ocrx_word' id='word_1_143' title='bbox 604 2326 686 2388; x_wconf 81' lang='lat' dir='ltr'><strong>ula-a</strong></span> <span class='ocrx_word' id='word_1_144' title='bbox 707 2331 834 2400; x_wconf 88' lang='lat' dir='ltr'><strong>exeunt,</strong></span> <span class='ocrx_word' id='word_1_145' title='bbox 857 2325 966 2406; x_wconf 89' lang='lat' dir='ltr'><strong>qualia</strong></span> <span class='ocrx_word' id='word_1_146' title='bbox 988 2329 1064 2390; x_wconf 89' lang='lat' dir='ltr'><strong>sunt</strong></span> <span class='ocrx_word' id='word_1_147' title='bbox 1085 2327 1232 2410; x_wconf 66' lang='lat' dir='ltr'><strong>quocica,</strong></span> <span class='ocrx_word' id='word_1_148' title='bbox 1254 2327 1402 2404; x_wconf 74' lang='lat' dir='ltr'><strong>tremrdus,</strong></span> <span class='ocrx_word' id='word_1_149' title='bbox 1424 2325 1585 2389; x_wconf 85' lang='lat' dir='ltr'><strong>Gustavus</strong></span> <span class='ocrx_word' id='word_1_150' title='bbox 1603 2318 1759 2406; x_wconf 85' lang='lat' dir='ltr'><strong>Mtillerus</strong></span> 
     </span>
     <span class='ocr_line' id='line_1_16' title="bbox 372 2429 1760 2518; baseline -0.004 -19"><span class='ocrx_word' id='word_1_151' title='bbox 372 2435 406 2499; x_wconf 89' lang='lat' dir='ltr'><strong>in</strong></span> <span class='ocrx_word' id='word_1_152' title='bbox 429 2435 696 2500; x_wconf 87' lang='lat' dir='ltr'><strong>commentatione</strong></span> <span class='ocrx_word' id='word_1_153' title='bbox 718 2434 759 2499; x_wconf 89' lang='lat' dir='ltr'><strong>de</strong></span> <span class='ocrx_word' id='word_1_154' title='bbox 781 2435 982 2500; x_wconf 84' lang='lat' dir='ltr'><strong>deminutivis</strong></span> <span class='ocrx_word' id='word_1_155' title='bbox 997 2434 1120 2499; x_wconf 90' lang='lat' dir='ltr'><strong>Latinis</strong></span> <span class='ocrx_word' id='word_1_156' title='bbox 1143 2434 1324 2518; x_wconf 84' lang='lat' dir='ltr'><strong>Regimonti</strong></span> <span class='ocrx_word' id='word_1_157' title='bbox 1347 2439 1425 2500; x_wconf 80' lang='grc'>1865</span> <span class='ocrx_word' id='word_1_158' title='bbox 1450 2433 1538 2498; x_wconf 89' lang='lat' dir='ltr'><strong>edita</strong></span> <span class='ocrx_word' id='word_1_159' title='bbox 1558 2453 1589 2516; x_wconf 92' lang='lat' dir='ltr'><strong>p.</strong></span> <span class='ocrx_word' id='word_1_160' title='bbox 1611 2435 1652 2498; x_wconf 86' lang='grc'><strong>60</strong></span> <span class='ocrx_word' id='word_1_161' title='bbox 1672 2429 1760 2506; x_wconf 82' lang='lat' dir='ltr'><strong>haud</strong></span> 
     </span>
     <span class='ocr_line' id='line_1_17' title="bbox 372 2543 1760 2627; baseline -0.003 -17"><span class='ocrx_word' id='word_1_162' title='bbox 372 2545 458 2610; x_wconf 89' lang='lat' dir='ltr'><strong>male</strong></span> <span class='ocrx_word' id='word_1_163' title='bbox 481 2545 559 2609; x_wconf 89' lang='lat' dir='ltr'><strong>dicit</strong></span> <span class='ocrx_word' id='word_1_164' title='bbox 580 2544 760 2627; x_wconf 83' lang='lat' dir='ltr'><strong>significare</strong></span> <span class='ocrx_word' id='word_1_165' title='bbox 783 2545 957 2627; x_wconf 84' lang='lat' dir='ltr'><strong>,indulgere</strong></span> <span class='ocrx_word' id='word_1_166' title='bbox 977 2545 1114 2626; x_wconf 87' lang='lat' dir='ltr'><strong>aliquem</strong></span> <span class='ocrx_word' id='word_1_167' title='bbox 1134 2545 1230 2610; x_wconf 89' lang='lat' dir='ltr'><strong>alicui</strong></span> <span class='ocrx_word' id='word_1_168' title='bbox 1244 2547 1381 2610; x_wconf 82' lang='lat' dir='ltr'><strong>aetioni‘.</strong></span> <span class='ocrx_word' id='word_1_169' title='bbox 1420 2543 1540 2608; x_wconf 88' lang='lat' dir='ltr'><strong>lisdem</strong></span> <span class='ocrx_word' id='word_1_170' title='bbox 1555 2543 1663 2608; x_wconf 89' lang='lat' dir='ltr'><strong>verbis</strong></span> <span class='ocrx_word' id='word_1_171' title='bbox 1676 2561 1760 2608; x_wconf 89' lang='lat' dir='ltr'><strong>com·</strong></span> 
     </span>
     <span class='ocr_line' id='line_1_18' title="bbox 382 2653 1760 2739; baseline 0 -21"><span class='ocrx_word' id='word_1_172' title='bbox 382 2654 514 2719; x_wconf 81' lang='lat' dir='ltr'><strong>durium</strong></span> <span class='ocrx_word' id='word_1_173' title='bbox 535 2654 768 2737; x_wconf 83' lang='lat' dir='ltr'><strong>adjectivorum</strong></span> <span class='ocrx_word' id='word_1_174' title='bbox 791 2655 996 2734; x_wconf 87' lang='lat' dir='ltr'><strong>Graecorum,</strong></span> <span class='ocrx_word' id='word_1_175' title='bbox 1020 2655 1059 2720; x_wconf 88' lang='lat' dir='ltr'><strong>de</strong></span> <span class='ocrx_word' id='word_1_176' title='bbox 1082 2655 1198 2738; x_wconf 91' lang='lat' dir='ltr'><strong>quibus</strong></span> <span class='ocrx_word' id='word_1_177' title='bbox 1220 2656 1353 2739; x_wconf 86' lang='lat' dir='ltr'><strong>agimus,</strong></span> <span class='ocrx_word' id='word_1_178' title='bbox 1374 2660 1519 2738; x_wconf 87' lang='lat' dir='ltr'><strong>potestas</strong></span> <span class='ocrx_word' id='word_1_179' title='bbox 1541 2653 1681 2718; x_wconf 89' lang='lat' dir='ltr'><strong>describi</strong></span> <span class='ocrx_word' id='word_1_180' title='bbox 1703 2673 1760 2736; x_wconf 91' lang='lat' dir='ltr'><strong>po·</strong></span> 
     </span>
     <span class='ocr_line' id='line_1_19' title="bbox 352 2755 1762 2854; baseline -0.001 -24"><span class='ocrx_word' id='word_1_181' title='bbox 352 2765 459 2844; x_wconf 81' lang='lat' dir='ltr'><strong>terit,</strong></span> <span class='ocrx_word' id='word_1_182' title='bbox 481 2764 515 2830; x_wconf 91' lang='lat' dir='ltr'><strong>in</strong></span> <span class='ocrx_word' id='word_1_183' title='bbox 537 2764 587 2829; x_wconf 90' lang='lat' dir='ltr'><strong>his</strong></span> <span class='ocrx_word' id='word_1_184' title='bbox 609 2761 728 2842; x_wconf 82' lang='grc' dir='ltr'><strong><em>δειλός,</em></strong></span> <span class='ocrx_word' id='word_1_185' title='bbox 752 2761 895 2852; x_wconf 78' lang='grc' dir='ltr'><strong><em>σιγηλός,</em></strong></span> <span class='ocrx_word' id='word_1_186' title='bbox 921 2759 1089 2854; x_wconf 78' lang='grc' dir='ltr'><strong><em>ὀτραλέος,</em></strong></span> <span class='ocrx_word' id='word_1_187' title='bbox 1113 2755 1257 2852; x_wconf 81' lang='grc' dir='ltr'><strong><em>ὀργίλος,</em></strong></span> <span class='ocrx_word' id='word_1_188' title='bbox 1279 2763 1436 2845; x_wconf 81' lang='grc' dir='ltr'><strong><em>σχέτλιος.</em></strong></span> <span class='ocrx_word' id='word_1_189' title='bbox 1479 2764 1548 2829; x_wconf 82' lang='lat' dir='ltr'><strong>Nec</strong></span> <span class='ocrx_word' id='word_1_190' title='bbox 1569 2765 1686 2829; x_wconf 88' lang='lat' dir='ltr'><strong>mirum</strong></span> <span class='ocrx_word' id='word_1_191' title='bbox 1712 2769 1762 2828; x_wconf 89' lang='lat' dir='ltr'><strong>est</strong></span> 
     </span>
     <span class='ocr_line' id='line_1_20' title="bbox 375 2875 1761 2960; baseline -0.001 -21"><span class='ocrx_word' id='word_1_192' title='bbox 375 2875 487 2940; x_wconf 90' lang='lat' dir='ltr'><strong>eadem</strong></span> <span class='ocrx_word' id='word_1_193' title='bbox 511 2876 738 2940; x_wconf 87' lang='lat' dir='ltr'><strong>terminatione</strong></span> <span class='ocrx_word' id='word_1_194' title='bbox 759 2875 859 2940; x_wconf 89' lang='lat' dir='ltr'><strong>animi</strong></span> <span class='ocrx_word' id='word_1_195' title='bbox 881 2875 1119 2941; x_wconf 89' lang='lat' dir='ltr'><strong>inclinationem</strong></span> <span class='ocrx_word' id='word_1_196' title='bbox 1141 2882 1174 2939; x_wconf 89' lang='lat' dir='ltr'><strong>et</strong></span> <span class='ocrx_word' id='word_1_197' title='bbox 1189 2875 1378 2942; x_wconf 85' lang='lat' dir='ltr'><strong>facultatem</strong></span> <span class='ocrx_word' id='word_1_198' title='bbox 1394 2875 1576 2960; x_wconf 82' lang='lat' dir='ltr'><strong>significari.</strong></span> <span class='ocrx_word' id='word_1_199' title='bbox 1608 2875 1658 2940; x_wconf 85' lang='lat' dir='ltr'><strong>Ab</strong></span> <span class='ocrx_word' id='word_1_200' title='bbox 1673 2879 1761 2939; x_wconf 89' lang='lat' dir='ltr'><strong>utro-</strong></span> 
     </span>
     <span class='ocr_line' id='line_1_21' title="bbox 379 2983 1761 3068; baseline 0 -20"><span class='ocrx_word' id='word_1_201' title='bbox 379 3006 443 3068; x_wconf 90' lang='lat' dir='ltr'><strong>que</strong></span> <span class='ocrx_word' id='word_1_202' title='bbox 465 3005 524 3048; x_wconf 92' lang='lat' dir='ltr'><strong>usu</strong></span> <span class='ocrx_word' id='word_1_203' title='bbox 547 3004 611 3048; x_wconf 94' lang='lat' dir='ltr'><strong>non</strong></span> <span class='ocrx_word' id='word_1_204' title='bbox 633 2983 769 3047; x_wconf 89' lang='lat' dir='ltr'><strong>multum</strong></span> <span class='ocrx_word' id='word_1_205' title='bbox 791 2984 893 3048; x_wconf 89' lang='lat' dir='ltr'><strong>distat</strong></span> <span class='ocrx_word' id='word_1_206' title='bbox 914 2985 957 3062; x_wconf 90' lang='lat' dir='ltr'><strong>is,</strong></span> <span class='ocrx_word' id='word_1_207' title='bbox 985 3005 1080 3066; x_wconf 92' lang='lat' dir='ltr'><strong>quem</strong></span> <span class='ocrx_word' id='word_1_208' title='bbox 1107 2986 1209 3050; x_wconf 90' lang='lat' dir='ltr'><strong>multa</strong></span> <span class='ocrx_word' id='word_1_209' title='bbox 1235 2985 1349 3050; x_wconf 91' lang='lat' dir='ltr'><strong>horum</strong></span> <span class='ocrx_word' id='word_1_210' title='bbox 1376 2986 1609 3068; x_wconf 85' lang='lat' dir='ltr'><strong>adjectivorum</strong></span> <span class='ocrx_word' id='word_1_211' title='bbox 1633 2985 1761 3064; x_wconf 88' lang='lat' dir='ltr'><strong>habent,</strong></span> 
     </span>
     <span class='ocr_line' id='line_1_22' title="bbox 375 3092 1761 3180; baseline 0.002 -23"><span class='ocrx_word' id='word_1_212' title='bbox 375 3093 515 3158; x_wconf 88' lang='lat' dir='ltr'><strong>maxime</strong></span> <span class='ocrx_word' id='word_1_213' title='bbox 539 3113 586 3168; x_wconf 87' lang='lat' dir='ltr'><strong>ea,</strong></span> <span class='ocrx_word' id='word_1_214' title='bbox 610 3113 693 3174; x_wconf 91' lang='lat' dir='ltr'><strong>quae</strong></span> <span class='ocrx_word' id='word_1_215' title='bbox 715 3092 756 3156; x_wconf 92' lang='lat' dir='ltr'><strong>de</strong></span> <span class='ocrx_word' id='word_1_216' title='bbox 779 3094 875 3158; x_wconf 90' lang='lat' dir='ltr'><strong>rebus</strong></span> <span class='ocrx_word' id='word_1_217' title='bbox 898 3095 1046 3160; x_wconf 88' lang='lat' dir='ltr'><strong>inanimis</strong></span> <span class='ocrx_word' id='word_1_218' title='bbox 1067 3100 1280 3180; x_wconf 82' lang='lat' dir='ltr'><strong>usurpantur,</strong></span> <span class='ocrx_word' id='word_1_219' title='bbox 1307 3103 1344 3160; x_wconf 92' lang='lat' dir='ltr'><strong>ut</strong></span> <span class='ocrx_word' id='word_1_220' title='bbox 1370 3118 1436 3160; x_wconf 91' lang='lat' dir='ltr'><strong>rem</strong></span> <span class='ocrx_word' id='word_1_221' title='bbox 1465 3096 1606 3180; x_wconf 88' lang='lat' dir='ltr'><strong>aliquam</strong></span> <span class='ocrx_word' id='word_1_222' title='bbox 1629 3097 1670 3160; x_wconf 90' lang='lat' dir='ltr'><strong>ad</strong></span> <span class='ocrx_word' id='word_1_223' title='bbox 1693 3117 1761 3160; x_wconf 88' lang='lat' dir='ltr'><strong>cer·</strong></span> 
     </span>
     <span class='ocr_line' id='line_1_23' title="bbox 376 3202 1762 3292; baseline 0.002 -25"><span class='ocrx_word' id='word_1_224' title='bbox 376 3208 447 3267; x_wconf 92' lang='lat' dir='ltr'><strong>tum</strong></span> <span class='ocrx_word' id='word_1_225' title='bbox 470 3202 629 3286; x_wconf 88' lang='lat' dir='ltr'><strong>quendam</strong></span> <span class='ocrx_word' id='word_1_226' title='bbox 652 3223 744 3266; x_wconf 90' lang='lat' dir='ltr'><strong>usum</strong></span> <span class='ocrx_word' id='word_1_227' title='bbox 767 3202 887 3269; x_wconf 88' lang='lat' dir='ltr'><strong>iactam</strong></span> <span class='ocrx_word' id='word_1_228' title='bbox 910 3205 961 3269; x_wconf 91' lang='lat' dir='ltr'><strong>vel</strong></span> <span class='ocrx_word' id='word_1_229' title='bbox 982 3211 1131 3290; x_wconf 89' lang='lat' dir='ltr'><strong>paratam</strong></span> <span class='ocrx_word' id='word_1_230' title='bbox 1155 3211 1188 3270; x_wconf 90' lang='lat' dir='ltr'><strong>et</strong></span> <span class='ocrx_word' id='word_1_231' title='bbox 1209 3211 1317 3290; x_wconf 85' lang='lat' dir='ltr'><strong>aptam</strong></span> <span class='ocrx_word' id='word_1_232' title='bbox 1340 3227 1412 3272; x_wconf 89' lang='lat' dir='ltr'><strong>esse</strong></span> <span class='ocrx_word' id='word_1_233' title='bbox 1427 3207 1579 3286; x_wconf 91' lang='lat' dir='ltr'><strong>indicent,</strong></span> <span class='ocrx_word' id='word_1_234' title='bbox 1603 3209 1694 3292; x_wconf 92' lang='lat' dir='ltr'><strong>cujus</strong></span> <span class='ocrx_word' id='word_1_235' title='bbox 1711 3225 1762 3290; x_wconf 85' lang='lat' dir='ltr'><strong>ge·</strong></span> 
     </span>
     <span class='ocr_line' id='line_1_24' title="bbox 377 3313 1761 3400; baseline 0.001 -22"><span class='ocrx_word' id='word_1_236' title='bbox 377 3314 464 3378; x_wconf 90' lang='lat' dir='ltr'><strong>neris</strong></span> <span class='ocrx_word' id='word_1_237' title='bbox 488 3313 634 3396; x_wconf 88' lang='lat' dir='ltr'><strong>exempla</strong></span> <span class='ocrx_word' id='word_1_238' title='bbox 653 3313 719 3396; x_wconf 90' lang='lat' dir='ltr'><strong>jam</strong></span> <span class='ocrx_word' id='word_1_239' title='bbox 744 3320 841 3380; x_wconf 86' lang='lat' dir='ltr'><strong>antea</strong></span> <span class='ocrx_word' id='word_1_240' title='bbox 863 3335 883 3378; x_wconf 92' lang='lat' dir='ltr'><strong>a</strong></span> <span class='ocrx_word' id='word_1_241' title='bbox 904 3315 996 3380; x_wconf 88' lang='lat' dir='ltr'><strong>nobis</strong></span> <span class='ocrx_word' id='word_1_242' title='bbox 1019 3316 1147 3398; x_wconf 86' lang='lat' dir='ltr'><strong>prolata</strong></span> <span class='ocrx_word' id='word_1_243' title='bbox 1169 3323 1253 3380; x_wconf 90' lang='lat' dir='ltr'><strong>sunt.</strong></span> <span class='ocrx_word' id='word_1_244' title='bbox 1298 3316 1351 3382; x_wconf 82' lang='lat' dir='ltr'><strong>Sic</strong></span> <span class='ocrx_word' id='word_1_245' title='bbox 1373 3319 1501 3400; x_wconf 86' lang='lat' dir='ltr'><strong>assequi</strong></span> <span class='ocrx_word' id='word_1_246' title='bbox 1525 3315 1761 3400; x_wconf 87' lang='lat' dir='ltr'><strong>quodammodo</strong></span> 
     </span>
     <span class='ocr_line' id='line_1_25' title="bbox 378 3423 1762 3510; baseline 0.003 -24"><span class='ocrx_word' id='word_1_247' title='bbox 378 3429 411 3486; x_wconf 89' lang='lat' dir='ltr'><strong>et</strong></span> <span class='ocrx_word' id='word_1_248' title='bbox 432 3429 537 3488; x_wconf 89' lang='lat' dir='ltr'><strong>mente</strong></span> <span class='ocrx_word' id='word_1_249' title='bbox 559 3424 651 3488; x_wconf 92' lang='lat' dir='ltr'><strong>nobis</strong></span> <span class='ocrx_word' id='word_1_250' title='bbox 676 3423 878 3490; x_wconf 86' lang='lat' dir='ltr'><strong>conformare</strong></span> <span class='ocrx_word' id='word_1_251' title='bbox 893 3445 1071 3508; x_wconf 80' lang='lat' dir='ltr'><strong>possumne,</strong></span> <span class='ocrx_word' id='word_1_252' title='bbox 1094 3428 1149 3508; x_wconf 92' lang='lat' dir='ltr'><strong>qui</strong></span> <span class='ocrx_word' id='word_1_253' title='bbox 1164 3427 1229 3501; x_wconf 86' lang='lat' dir='ltr'><strong>fiat,</strong></span> <span class='ocrx_word' id='word_1_254' title='bbox 1251 3433 1288 3492; x_wconf 88' lang='lat' dir='ltr'><strong>ut</strong></span> <span class='ocrx_word' id='word_1_255' title='bbox 1303 3430 1399 3493; x_wconf 90' lang='lat' dir='ltr'><strong>etiam</strong></span> <span class='ocrx_word' id='word_1_256' title='bbox 1415 3449 1435 3492; x_wconf 88' lang='lat' dir='ltr'><strong>a</strong></span> <span class='ocrx_word' id='word_1_257' title='bbox 1450 3429 1630 3494; x_wconf 90' lang='lat' dir='ltr'><strong>nominibus</strong></span> <span class='ocrx_word' id='word_1_258' title='bbox 1644 3447 1762 3510; x_wconf 85' lang='lat' dir='ltr'><strong>magna</strong></span> 
     </span>
     <span class='ocr_line' id='line_1_26' title="bbox 376 3533 1763 3622; baseline 0.001 -24"><span class='ocrx_word' id='word_1_259' title='bbox 376 3533 491 3598; x_wconf 92' lang='lat' dir='ltr'><strong>horum</strong></span> <span class='ocrx_word' id='word_1_260' title='bbox 514 3533 743 3600; x_wconf 90' lang='lat' dir='ltr'><strong>vocabulorum</strong></span> <span class='ocrx_word' id='word_1_261' title='bbox 765 3556 842 3619; x_wconf 89' lang='lat' dir='ltr'><strong>pars</strong></span> <span class='ocrx_word' id='word_1_262' title='bbox 866 3533 1038 3600; x_wconf 91' lang='lat' dir='ltr'><strong>derivetur.</strong></span> <span class='ocrx_word' id='word_1_263' title='bbox 1075 3539 1195 3622; x_wconf 68' lang='lat' dir='ltr'><strong>Repulit</strong></span> <span class='ocrx_word' id='word_1_264' title='bbox 1218 3539 1302 3602; x_wconf 89' lang='lat' dir='ltr'><strong>enim</strong></span> <span class='ocrx_word' id='word_1_265' title='bbox 1325 3540 1427 3604; x_wconf 90' lang='lat' dir='ltr'><strong>victus</strong></span> <span class='ocrx_word' id='word_1_266' title='bbox 1450 3545 1500 3602; x_wconf 88' lang='lat' dir='ltr'><strong>est</strong></span> <span class='ocrx_word' id='word_1_267' title='bbox 1521 3539 1588 3622; x_wconf 86' lang='lat' dir='ltr'><strong>regi</strong></span> <span class='ocrx_word' id='word_1_268' title='bbox 1611 3545 1706 3622; x_wconf 85' lang='lat' dir='ltr'><strong>aptus</strong></span> <span class='ocrx_word' id='word_1_269' title='bbox 1729 3542 1763 3602; x_wconf 90' lang='lat' dir='ltr'><strong>et</strong></span> 
     </span>
     <span class='ocr_line' id='line_1_27' title="bbox 378 3643 1761 3730; baseline 0.005 -23"><span class='ocrx_word' id='word_1_270' title='bbox 378 3643 649 3718; x_wconf 89' lang='lat' dir='ltr'><strong>accommodatus,</strong></span> <span class='ocrx_word' id='word_1_271' title='bbox 671 3645 769 3710; x_wconf 72' lang='grc' dir='ltr'><strong><em>υιῖᾶὶἰε</em></strong></span> <span class='ocrx_word' id='word_1_272' title='bbox 790 3666 879 3724; x_wconf 86' lang='lat' dir='ltr'><strong>aura,</strong></span> <span class='ocrx_word' id='word_1_273' title='bbox 903 3666 985 3727; x_wconf 88' lang='lat' dir='ltr'><strong>quae</strong></span> <span class='ocrx_word' id='word_1_274' title='bbox 1006 3647 1103 3710; x_wconf 85' lang='lat' dir='ltr'><strong>vitam</strong></span> <span class='ocrx_word' id='word_1_275' title='bbox 1126 3648 1229 3730; x_wconf 89' lang='lat' dir='ltr'><strong>possit</strong></span> <span class='ocrx_word' id='word_1_276' title='bbox 1250 3647 1366 3712; x_wconf 87' lang='lat' dir='ltr'><strong>afferre</strong></span> <span class='ocrx_word' id='word_1_277' title='bbox 1389 3655 1422 3714; x_wconf 91' lang='lat' dir='ltr'><strong>et</strong></span> <span class='ocrx_word' id='word_1_278' title='bbox 1436 3649 1560 3729; x_wconf 84' lang='lat' dir='ltr'><strong>afferat,</strong></span> <span class='ocrx_word' id='word_1_279' title='bbox 1585 3653 1679 3716; x_wconf 75' lang='lat' dir='ltr'><strong>cir-ilie</strong></span> <span class='ocrx_word' id='word_1_280' title='bbox 1694 3652 1761 3715; x_wconf 91' lang='lat' dir='ltr'><strong>ani·</strong></span> 
     </span>
     <span class='ocr_line' id='line_1_28' title="bbox 378 3747 1762 3841; baseline 0.006 -23"><span class='ocrx_word' id='word_1_281' title='bbox 378 3775 448 3818; x_wconf 88' lang='lat' dir='ltr'><strong>mus</strong></span> <span class='ocrx_word' id='word_1_282' title='bbox 471 3753 539 3817; x_wconf 91' lang='lat' dir='ltr'><strong>viro</strong></span> <span class='ocrx_word' id='word_1_283' title='bbox 562 3761 656 3835; x_wconf 90' lang='lat' dir='ltr'><strong>aptus</strong></span> <span class='ocrx_word' id='word_1_284' title='bbox 679 3773 780 3838; x_wconf 91' lang='lat' dir='ltr'><strong>eoque</strong></span> <span class='ocrx_word' id='word_1_285' title='bbox 803 3755 930 3838; x_wconf 85' lang='lat' dir='ltr'><strong>dignus,</strong></span> <span class='ocrx_word' id='word_1_286' title='bbox 954 3747 1123 3837; x_wconf 73' lang='grc' dir='ltr'><em>ἀνεμώλια</em></span> <span class='ocrx_word' id='word_1_287' title='bbox 1145 3755 1241 3838; x_wconf 75' lang='grc' dir='ltr'><em>βάζει</em></span> <span class='ocrx_word' id='word_1_288' title='bbox 1262 3759 1318 3841; x_wconf 89' lang='lat' dir='ltr'><strong>qui</strong></span> <span class='ocrx_word' id='word_1_289' title='bbox 1340 3761 1444 3823; x_wconf 89' lang='lat' dir='ltr'><strong>ventis</strong></span> <span class='ocrx_word' id='word_1_290' title='bbox 1467 3761 1697 3826; x_wconf 86' lang='lat' dir='ltr'><strong>committenda</strong></span> <span class='ocrx_word' id='word_1_291' title='bbox 1718 3761 1762 3826; x_wconf 95' lang='lat' dir='ltr'><strong>lo·</strong></span> 
     </span>
     <span class='ocr_line' id='line_1_29' title="bbox 380 3861 1762 3954; baseline 0.004 -25"><span class='ocrx_word' id='word_1_292' title='bbox 380 3865 506 3948; x_wconf 89' lang='lat' dir='ltr'><strong>quitur,</strong></span> <span class='ocrx_word' id='word_1_293' title='bbox 535 3861 730 3953; x_wconf 62' lang='lat' dir='ltr'><strong>depositos</strong></span> <span class='ocrx_word' id='word_1_294' title='bbox 756 3865 852 3930; x_wconf 92' lang='lat' dir='ltr'><strong>homo</strong></span> <span class='ocrx_word' id='word_1_295' title='bbox 882 3867 1055 3949; x_wconf 88' lang='lat' dir='ltr'><strong>opponitur</strong></span> <span class='ocrx_word' id='word_1_296' title='bbox 1081 3869 1226 3934; x_wconf 79' lang='lat' dir='ltr'><strong>tremulo.</strong></span> <span class='ocrx_word' id='word_1_297' title='bbox 1271 3869 1388 3934; x_wconf 87' lang='lat' dir='ltr'><strong>Verum</strong></span> <span class='ocrx_word' id='word_1_298' title='bbox 1411 3876 1472 3948; x_wconf 85' lang='lat' dir='ltr'><strong>est,</strong></span> <span class='ocrx_word' id='word_1_299' title='bbox 1499 3891 1539 3936; x_wconf 91' lang='lat' dir='ltr'><strong>ne</strong></span> <span class='ocrx_word' id='word_1_300' title='bbox 1566 3870 1762 3954; x_wconf 88' lang='lat' dir='ltr'><strong>sicquidem</strong></span> 
     </span>
     <span class='ocr_line' id='line_1_30' title="bbox 380 3972 1762 4064; baseline 0.003 -24"><span class='ocrx_word' id='word_1_301' title='bbox 380 3995 537 4040; x_wconf 88' lang='lat' dir='ltr'><strong>summam</strong></span> <span class='ocrx_word' id='word_1_302' title='bbox 554 3972 670 4037; x_wconf 92' lang='lat' dir='ltr'><strong>horum</strong></span> <span class='ocrx_word' id='word_1_303' title='bbox 685 3975 912 4041; x_wconf 85' lang='lat' dir='ltr'><strong>vocabulorum</strong></span> <span class='ocrx_word' id='word_1_304' title='bbox 927 3977 1109 4042; x_wconf 89' lang='lat' dir='ltr'><strong>ubertatem</strong></span> <span class='ocrx_word' id='word_1_305' title='bbox 1124 3978 1202 4043; x_wconf 84' lang='lat' dir='ltr'><strong>satis</strong></span> <span class='ocrx_word' id='word_1_306' title='bbox 1218 3979 1421 4064; x_wconf 88' lang='lat' dir='ltr'><strong>descriptam,</strong></span> <span class='ocrx_word' id='word_1_307' title='bbox 1444 3982 1561 4046; x_wconf 90' lang='lat' dir='ltr'><strong>nedum</strong></span> <span class='ocrx_word' id='word_1_308' title='bbox 1574 3983 1762 4047; x_wconf 88' lang='lat' dir='ltr'><strong>exhaustam</strong></span> 
     </span>
     <span class='ocr_line' id='line_1_31' title="bbox 380 4083 1761 4176; baseline 0.007 -28"><span class='ocrx_word' id='word_1_309' title='bbox 380 4103 461 4150; x_wconf 88' lang='lat' dir='ltr'><strong>esse.</strong></span> <span class='ocrx_word' id='word_1_310' title='bbox 506 4083 567 4162; x_wconf 87' lang='lat' dir='ltr'><strong>Sic,</strong></span> <span class='ocrx_word' id='word_1_311' title='bbox 590 4088 626 4147; x_wconf 89' lang='lat' dir='ltr'><strong>ut</strong></span> <span class='ocrx_word' id='word_1_312' title='bbox 649 4085 802 4167; x_wconf 87' lang='lat' dir='ltr'><strong>exemplis</strong></span> <span class='ocrx_word' id='word_1_313' title='bbox 824 4091 912 4166; x_wconf 91' lang='lat' dir='ltr'><strong>utar,</strong></span> <span class='ocrx_word' id='word_1_314' title='bbox 938 4109 1003 4154; x_wconf 91' lang='lat' dir='ltr'><strong>non</strong></span> <span class='ocrx_word' id='word_1_315' title='bbox 1025 4087 1120 4152; x_wconf 82' lang='lat' dir='ltr'><strong>facile</strong></span> <span class='ocrx_word' id='word_1_316' title='bbox 1142 4089 1214 4172; x_wconf 91' lang='lat' dir='ltr'><strong>quis</strong></span> <span class='ocrx_word' id='word_1_317' title='bbox 1237 4089 1366 4170; x_wconf 84' lang='lat' dir='ltr'><strong>dixerit,</strong></span> <span class='ocrx_word' id='word_1_318' title='bbox 1394 4091 1471 4174; x_wconf 92' lang='lat' dir='ltr'><strong>quid</strong></span> <span class='ocrx_word' id='word_1_319' title='bbox 1495 4093 1548 4172; x_wconf 88' lang='lat' dir='ltr'><strong>sit,</strong></span> <span class='ocrx_word' id='word_1_320' title='bbox 1572 4111 1635 4176; x_wconf 91' lang='lat' dir='ltr'><strong>quo</strong></span> <span class='ocrx_word' id='word_1_321' title='bbox 1658 4092 1699 4158; x_wconf 90' lang='lat' dir='ltr'><strong>ab</strong></span> <span class='ocrx_word' id='word_1_322' title='bbox 1722 4111 1761 4158; x_wconf 87' lang='lat' dir='ltr'><strong>eo</strong></span> 
     </span>
     <span class='ocr_line' id='line_1_32' title="bbox 381 4185 1763 4286; baseline 0.009 -31"><span class='ocrx_word' id='word_1_323' title='bbox 381 4192 467 4275; x_wconf 90' lang='lat' dir='ltr'><strong>quod</strong></span> <span class='ocrx_word' id='word_1_324' title='bbox 488 4199 538 4258; x_wconf 90' lang='lat' dir='ltr'><strong>est</strong></span> <span class='ocrx_word' id='word_1_325' title='bbox 560 4185 657 4276; x_wconf 82' lang='grc' dir='ltr'><strong><em>ὁμός</em></strong></span> <span class='ocrx_word' id='word_1_326' title='bbox 672 4193 832 4278; x_wconf 89' lang='lat' dir='ltr'><strong>discrepet</strong></span> <span class='ocrx_word' id='word_1_327' title='bbox 853 4190 1004 4278; x_wconf 55' lang='grc' dir='ltr'><strong><em>ὁμαλός</em></strong></span> <span class='ocrx_word' id='word_1_328' title='bbox 1030 4203 1063 4262; x_wconf 90' lang='lat' dir='ltr'><strong>et</strong></span> <span class='ocrx_word' id='word_1_329' title='bbox 1089 4199 1176 4281; x_wconf 91' lang='lat' dir='ltr'><strong>quod</strong></span> <span class='ocrx_word' id='word_1_330' title='bbox 1202 4202 1231 4266; x_wconf 92' lang='lat' dir='ltr'><strong>ei</strong></span> <span class='ocrx_word' id='word_1_331' title='bbox 1257 4201 1431 4283; x_wconf 87' lang='lat' dir='ltr'><strong>respondet</strong></span> <span class='ocrx_word' id='word_1_332' title='bbox 1455 4205 1576 4282; x_wconf 74' lang='lat' dir='ltr'><strong>similia,</strong></span> <span class='ocrx_word' id='word_1_333' title='bbox 1604 4201 1654 4268; x_wconf 92' lang='lat' dir='ltr'><strong>vel</strong></span> <span class='ocrx_word' id='word_1_334' title='bbox 1681 4222 1763 4286; x_wconf 90' lang='lat' dir='ltr'><strong>quae</strong></span> 
     </span>
     <span class='ocr_line' id='line_1_33' title="bbox 382 4301 1763 4397; baseline 0.009 -31"><span class='ocrx_word' id='word_1_335' title='bbox 382 4301 425 4366; x_wconf 88' lang='lat' dir='ltr'><strong>sit</strong></span> <span class='ocrx_word' id='word_1_336' title='bbox 445 4303 493 4366; x_wconf 89' lang='lat' dir='ltr'><strong>vis</strong></span> <span class='ocrx_word' id='word_1_337' title='bbox 515 4304 612 4388; x_wconf 90' lang='lat' dir='ltr'><strong>hujus</strong></span> <span class='ocrx_word' id='word_1_338' title='bbox 627 4303 860 4370; x_wconf 88' lang='lat' dir='ltr'><strong>terminationis</strong></span> <span class='ocrx_word' id='word_1_339' title='bbox 882 4307 916 4371; x_wconf 93' lang='lat' dir='ltr'><strong>in</strong></span> <span class='ocrx_word' id='word_1_340' title='bbox 933 4306 1113 4390; x_wconf 70' lang='lat' dir='ltr'><strong>xdopaldg</strong></span> <span class='ocrx_word' id='word_1_341' title='bbox 1126 4309 1177 4374; x_wconf 89' lang='lat' dir='ltr'><strong>vel</strong></span> <span class='ocrx_word' id='word_1_342' title='bbox 1189 4305 1341 4397; x_wconf 82' lang='grc' dir='ltr'><strong><em>χαμηλός</em></strong></span> <span class='ocrx_word' id='word_1_343' title='bbox 1357 4323 1388 4376; x_wconf 87' lang='lat' dir='ltr'><strong>et</strong></span> <span class='ocrx_word' id='word_1_344' title='bbox 1403 4313 1618 4378; x_wconf 85' lang='lat' dir='ltr'><strong>Romanorum</strong></span> <span class='ocrx_word' id='word_1_345' title='bbox 1632 4315 1763 4379; x_wconf 67' lang='lat' dir='ltr'><strong>tamilla</strong></span> 
     </span>
     <span class='ocr_line' id='line_1_34' title="bbox 386 4409 1763 4506; baseline 0.009 -31"><span class='ocrx_word' id='word_1_346' title='bbox 386 4409 450 4476; x_wconf 84' lang='lat' dir='ltr'><strong>Sed</strong></span> <span class='ocrx_word' id='word_1_347' title='bbox 472 4411 570 4478; x_wconf 89' lang='lat' dir='ltr'><strong>etiam</strong></span> <span class='ocrx_word' id='word_1_348' title='bbox 590 4415 624 4478; x_wconf 91' lang='lat' dir='ltr'><strong>in</strong></span> <span class='ocrx_word' id='word_1_349' title='bbox 646 4415 784 4480; x_wconf 87' lang='lat' dir='ltr'><strong>aliarum</strong></span> <span class='ocrx_word' id='word_1_350' title='bbox 805 4416 1065 4483; x_wconf 85' lang='lat' dir='ltr'><strong>terminationum</strong></span> <span class='ocrx_word' id='word_1_351' title='bbox 1089 4425 1208 4486; x_wconf 91' lang='lat' dir='ltr'><strong>natura</strong></span> <span class='ocrx_word' id='word_1_352' title='bbox 1233 4427 1266 4486; x_wconf 89' lang='lat' dir='ltr'><strong>et</strong></span> <span class='ocrx_word' id='word_1_353' title='bbox 1292 4421 1322 4486; x_wconf 91' lang='lat' dir='ltr'><strong>vi</strong></span> <span class='ocrx_word' id='word_1_354' title='bbox 1350 4421 1547 4506; x_wconf 88' lang='lat' dir='ltr'><strong>exploranda</strong></span> <span class='ocrx_word' id='word_1_355' title='bbox 1570 4423 1649 4488; x_wconf 91' lang='lat' dir='ltr'><strong>nihil</strong></span> <span class='ocrx_word' id='word_1_356' title='bbox 1675 4423 1763 4490; x_wconf 89' lang='lat' dir='ltr'><strong>aliud</strong></span> 
     </span>
     <span class='ocr_line' id='line_1_35' title="bbox 382 4520 1762 4614; baseline 0.012 -29"><span class='ocrx_word' id='word_1_357' title='bbox 382 4520 513 4603; x_wconf 88' lang='lat' dir='ltr'><strong>assequi</strong></span> <span class='ocrx_word' id='word_1_358' title='bbox 534 4541 716 4604; x_wconf 87' lang='lat' dir='ltr'><strong>possumus,</strong></span> <span class='ocrx_word' id='word_1_359' title='bbox 744 4525 806 4591; x_wconf 89' lang='lat' dir='ltr'><strong>nisi</strong></span> <span class='ocrx_word' id='word_1_360' title='bbox 827 4533 863 4592; x_wconf 89' lang='lat' dir='ltr'><strong>ut</strong></span> <span class='ocrx_word' id='word_1_361' title='bbox 885 4547 947 4611; x_wconf 90' lang='lat' dir='ltr'><strong>quo</strong></span> <span class='ocrx_word' id='word_1_362' title='bbox 970 4529 1096 4595; x_wconf 90' lang='lat' dir='ltr'><strong>vinculo</strong></span> <span class='ocrx_word' id='word_1_363' title='bbox 1119 4531 1286 4614; x_wconf 86' lang='lat' dir='ltr'><strong>multiplex</strong></span> <span class='ocrx_word' id='word_1_364' title='bbox 1307 4553 1386 4598; x_wconf 90' lang='lat' dir='ltr'><strong>usus</strong></span> <span class='ocrx_word' id='word_1_365' title='bbox 1408 4534 1622 4610; x_wconf 88' lang='lat' dir='ltr'><strong>contineatur,</strong></span> <span class='ocrx_word' id='word_1_366' title='bbox 1645 4536 1762 4602; x_wconf 88' lang='lat' dir='ltr'><strong>santia-</strong></span> 
     </span>
     <span class='ocr_line' id='line_1_36' title="bbox 382 4631 1602 4722; baseline 0.01 -27"><span class='ocrx_word' id='word_1_367' title='bbox 382 4652 454 4696; x_wconf 90' lang='lat' dir='ltr'><strong>mus</strong></span> <span class='ocrx_word' id='word_1_368' title='bbox 475 4631 578 4714; x_wconf 79' lang='lat' dir='ltr'><strong>magis</strong></span> <span class='ocrx_word' id='word_1_369' title='bbox 599 4639 632 4696; x_wconf 91' lang='lat' dir='ltr'><strong>et</strong></span> <span class='ocrx_word' id='word_1_370' title='bbox 653 4634 888 4716; x_wconf 85' lang='lat' dir='ltr'><strong>adumbremus,</strong></span> <span class='ocrx_word' id='word_1_371' title='bbox 911 4659 1008 4720; x_wconf 89' lang='lat' dir='ltr'><strong>quam</strong></span> <span class='ocrx_word' id='word_1_372' title='bbox 1031 4659 1260 4722; x_wconf 79' lang='lat' dir='ltr'><strong>cognoscamus</strong></span> <span class='ocrx_word' id='word_1_373' title='bbox 1284 4648 1317 4708; x_wconf 89' lang='lat' dir='ltr'><strong>et</strong></span> <span class='ocrx_word' id='word_1_374' title='bbox 1338 4642 1602 4709; x_wconf 74' lang='lat' dir='ltr'><strong>demonstremus·</strong></span> 
     </span>
     <span class='ocr_line' id='line_1_37' title="bbox 468 4741 1763 4837; baseline 0.011 -30"><span class='ocrx_word' id='word_1_375' title='bbox 468 4741 574 4820; x_wconf 85' lang='lat' dir='ltr'><strong>Quare</strong></span> <span class='ocrx_word' id='word_1_376' title='bbox 597 4761 668 4808; x_wconf 89' lang='lat' dir='ltr'><strong>cum</strong></span> <span class='ocrx_word' id='word_1_377' title='bbox 691 4745 760 4829; x_wconf 89' lang='lat' dir='ltr'><strong>jam</strong></span> <span class='ocrx_word' id='word_1_378' title='bbox 781 4769 819 4814; x_wconf 91' lang='lat' dir='ltr'><strong>eo</strong></span> <span class='ocrx_word' id='word_1_379' title='bbox 840 4749 999 4834; x_wconf 86' lang='lat' dir='ltr'><strong>perducta</strong></span> <span class='ocrx_word' id='word_1_380' title='bbox 1019 4770 1090 4816; x_wconf 88' lang='lat' dir='ltr'><strong>esse</strong></span> <span class='ocrx_word' id='word_1_381' title='bbox 1116 4749 1263 4818; x_wconf 88' lang='lat' dir='ltr'><strong>videatur</strong></span> <span class='ocrx_word' id='word_1_382' title='bbox 1283 4753 1460 4837; x_wconf 86' lang='lat' dir='ltr'><strong>disputatio</strong></span> <span class='ocrx_word' id='word_1_383' title='bbox 1481 4761 1605 4835; x_wconf 88' lang='lat' dir='ltr'><strong>nostra,</strong></span> <span class='ocrx_word' id='word_1_384' title='bbox 1628 4759 1664 4820; x_wconf 87' lang='lat' dir='ltr'><strong>ut</strong></span> <span class='ocrx_word' id='word_1_385' title='bbox 1685 4754 1763 4822; x_wconf 88' lang='lat' dir='ltr'><strong>haec</strong></span> 
     </span>
    </p>
   </div>
   <div class='ocr_carea' id='block_1_5' title="bbox 0 0 2286 5892">
    <p class='ocr_par' dir='ltr' id='par_1_5' title="bbox 0 0 2286 5892">
     <span class='ocr_line' id='line_1_38' title="bbox 0 0 2286 5892; baseline 0 0"><span class='ocrx_word' id='word_1_386' title='bbox 0 0 2286 5892; x_wconf 95' lang='lat' dir='ltr'><strong> </strong></span> 
     </span>
    </p>
   </div>
  </div>
 </body>
</html>
