<?xml version="1.0" encoding="UTF-8"?>
<!DOCTYPE html PUBLIC "-//W3C//DTD XHTML 1.0 Transitional//EN"
    "http://www.w3.org/TR/xhtml1/DTD/xhtml1-transitional.dtd">
<html xmlns="http://www.w3.org/1999/xhtml" xml:lang="en" lang="en">
 <head>
  <title>
</title>
<meta http-equiv="Content-Type" content="text/html;charset=utf-8" />
  <meta name='ocr-system' content='tesseract 3.04.00' />
  <meta name='ocr-capabilities' content='ocr_page ocr_carea ocr_par ocr_line ocrx_word'/>
</head>
<body>
  <div class='ocr_page' id='page_1' title='image "./denominumgraeco00curtgoog_0109.png"; bbox 0 0 4444 5866; ppageno 0'>
   <div class='ocr_carea' id='block_1_1' title="bbox 1024 522 1224 540">
    <p class='ocr_par' dir='ltr' id='par_1_1' title="bbox 1024 522 1224 540">
     <span class='ocr_line' id='line_1_1' title="bbox 1024 522 1224 540; baseline -0.02 0"><span class='ocrx_word' id='word_1_1' title='bbox 1024 522 1224 540; x_wconf 55' lang='grc'>*-</span> 
     </span>
    </p>
   </div>
   <div class='ocr_carea' id='block_1_2' title="bbox 266 633 1986 842">
    <p class='ocr_par' dir='ltr' id='par_1_2' title="bbox 266 633 1986 842">
     <span class='ocr_line' id='line_1_2' title="bbox 390 633 1984 722; baseline 0.002 -22"><span class='ocrx_word' id='word_1_2' title='bbox 390 637 434 702; x_wconf 81' lang='lat' dir='ltr'>Er</span> <span class='ocrx_word' id='word_1_3' title='bbox 456 645 526 722; x_wconf 88' lang='lat' dir='ltr'>post</span> <span class='ocrx_word' id='word_1_4' title='bbox 547 640 664 704; x_wconf 86' lang='lat' dir='ltr'>litteras</span> <span class='ocrx_word' id='word_1_5' title='bbox 686 637 769 702; x_wconf 83' lang='lat' dir='ltr'>verbi</span> <span class='ocrx_word' id='word_1_6' title='bbox 789 633 1000 706; x_wconf 80' lang='lat' dir='ltr'>anteeedantia</span> <span class='ocrx_word' id='word_1_7' title='bbox 1019 638 1190 716; x_wconf 73' lang='lat' dir='ltr'>posumus</span> <span class='ocrx_word' id='word_1_8' title='bbox 1211 633 1301 704; x_wconf 79' lang='lat' dir='ltr'>tantu</span> <span class='ocrx_word' id='word_1_9' title='bbox 1320 633 1421 702; x_wconf 81' lang='lat' dir='ltr'>omitti</span> <span class='ocrx_word' id='word_1_10' title='bbox 1442 634 1557 718; x_wconf 82' lang='lat' dir='ltr'>potnit,</span> <span class='ocrx_word' id='word_1_11' title='bbox 1580 639 1610 700; x_wconf 89' lang='lat' dir='ltr'>et</span> <span class='ocrx_word' id='word_1_12' title='bbox 1630 635 1771 702; x_wconf 85' lang='lat' dir='ltr'>similiter</span> <span class='ocrx_word' id='word_1_13' title='bbox 1791 636 1912 704; x_wconf 79' lang='lat' dir='ltr'>&#39;taeitos</span> <span class='ocrx_word' id='word_1_14' title='bbox 1933 637 1984 702; x_wconf 89' lang='lat' dir='ltr'>lo·</span> 
     </span>
     <span class='ocr_line' id='line_1_3' title="bbox 266 747 1986 842; baseline -0.005 -18"><span class='ocrx_word' id='word_1_15' title='bbox 266 761 370 842; x_wconf 83' lang='lat' dir='ltr'>quitur</span> <span class='ocrx_word' id='word_1_16' title='bbox 390 761 468 822; x_wconf 83' lang='lat' dir='ltr'>Ann.</span> <span class='ocrx_word' id='word_1_17' title='bbox 490 758 534 822; x_wconf 83' lang='lat' dir='ltr'>vt.</span> <span class='ocrx_word' id='word_1_18' title='bbox 555 756 606 820; x_wconf 76' lang='lat'>53.</span> <span class='ocrx_word' id='word_1_19' title='bbox 628 776 714 817; x_wconf 82' lang='lat' dir='ltr'>mere</span> <span class='ocrx_word' id='word_1_20' title='bbox 737 752 818 816; x_wconf 75' lang='lat' dir='ltr'>ater</span> <span class='ocrx_word' id='word_1_21' title='bbox 843 764 875 816; x_wconf 80' lang='lat' dir='ltr'>er</span> <span class='ocrx_word' id='word_1_22' title='bbox 904 762 1058 818; x_wconf 72' lang='lat' dir='ltr'>correntes</span> <span class='ocrx_word' id='word_1_23' title='bbox 1077 751 1273 819; x_wconf 69' lang='lat' dir='ltr'>Auanm</span> <span class='ocrx_word' id='word_1_24' title='bbox 1293 747 1425 834; x_wconf 68' lang='lat' dir='ltr'>uentu,</span> <span class='ocrx_word' id='word_1_25' title='bbox 1451 753 1540 822; x_wconf 79' lang='lat' dir='ltr'>atur</span> <span class='ocrx_word' id='word_1_26' title='bbox 1565 755 1642 818; x_wconf 80' lang='lat' dir='ltr'>bist.</span> <span class='ocrx_word' id='word_1_27' title='bbox 1663 755 1708 819; x_wconf 84' lang='grc' dir='ltr'>Ν.</span> <span class='ocrx_word' id='word_1_28' title='bbox 1730 751 1781 820; x_wconf 80' lang='grc'>77.</span> <span class='ocrx_word' id='word_1_29' title='bbox 1803 753 1884 817; x_wconf 72' lang='lat' dir='ltr'>viem</span> <span class='ocrx_word' id='word_1_30' title='bbox 1904 753 1986 817; x_wconf 73' lang='lat' dir='ltr'>iuter</span> 
     </span>
    </p>
   </div>
   <div class='ocr_carea' id='block_1_3' title="bbox 265 873 1992 2605">
    <p class='ocr_par' dir='ltr' id='par_1_3' title="bbox 265 873 1306 972">
     <span class='ocr_line' id='line_1_4' title="bbox 265 873 1306 972; baseline -0.006 -32"><span class='ocrx_word' id='word_1_31' title='bbox 265 875 485 958; x_wconf 63' lang='lat' dir='ltr'>Martiumque</span> <span class='ocrx_word' id='word_1_32' title='bbox 500 873 628 962; x_wconf 73' lang='lat' dir='ltr'>flerem.</span> <span class='ocrx_word' id='word_1_33' title='bbox 825 959 829 966; x_wconf 28' lang='grc' dir='ltr'>Ι</span> <span class='ocrx_word' id='word_1_34' title='bbox 1239 962 1244 972; x_wconf 33' lang='grc' dir='ltr'>Ι</span> <span class='ocrx_word' id='word_1_35' title='bbox 1300 954 1306 969; x_wconf 41' lang='lat'>.</span> 
     </span>
    </p>

    <p class='ocr_par' dir='ltr' id='par_1_4' title="bbox 269 1021 1985 1266">
     <span class='ocr_line' id='line_1_5' title="bbox 369 1021 1985 1124; baseline -0.004 -22"><span class='ocrx_word' id='word_1_36' title='bbox 369 1029 465 1102; x_wconf 82' lang='lat' dir='ltr'>Ann.</span> <span class='ocrx_word' id='word_1_37' title='bbox 494 1027 555 1100; x_wconf 84' lang='lat' dir='ltr'>tv.</span> <span class='ocrx_word' id='word_1_38' title='bbox 589 1025 649 1102; x_wconf 79' lang='lat'>65.</span> <span class='ocrx_word' id='word_1_39' title='bbox 700 1023 764 1122; x_wconf 88' lang='lat' dir='ltr'>qui</span> <span class='ocrx_word' id='word_1_40' title='bbox 795 1023 875 1101; x_wconf 83' lang='lat' dir='ltr'>dux</span> <span class='ocrx_word' id='word_1_41' title='bbox 909 1022 1030 1124; x_wconf 78' lang='lat' dir='ltr'>gentis</span> <span class='ocrx_word' id='word_1_42' title='bbox 1062 1021 1244 1102; x_wconf 71' lang='lat' dir='ltr'>amnne</span> <span class='ocrx_word' id='word_1_43' title='bbox 1272 1045 1360 1102; x_wconf 87' lang='lat' dir='ltr'>eum</span> <span class='ocrx_word' id='word_1_44' title='bbox 1390 1021 1576 1102; x_wconf 83' lang='lat' dir='ltr'>auxilium</span> <span class='ocrx_word' id='word_1_45' title='bbox 1609 1021 1775 1100; x_wconf 89' lang='lat' dir='ltr'>oblatum</span> <span class='ocrx_word' id='word_1_46' title='bbox 1806 1023 1985 1100; x_wconf 85' lang='lat' dir='ltr'>adventa-</span> 
     </span>
     <span class='ocr_line' id='line_1_6' title="bbox 269 1155 1445 1266; baseline -0.009 -26"><span class='ocrx_word' id='word_1_47' title='bbox 269 1163 408 1257; x_wconf 83' lang='lat' dir='ltr'>visset,</span> <span class='ocrx_word' id='word_1_48' title='bbox 435 1162 566 1236; x_wconf 70' lang='lat' dir='ltr'>wdem</span> <span class='ocrx_word' id='word_1_49' title='bbox 584 1182 678 1242; x_wconf 74' lang='lat' dir='ltr'>,eam</span> <span class='ocrx_word' id='word_1_50' title='bbox 703 1165 900 1256; x_wconf 83' lang='lat' dir='ltr'>acceperat</span> <span class='ocrx_word' id='word_1_51' title='bbox 926 1179 949 1232; x_wconf 92' lang='lat' dir='ltr'>a</span> <span class='ocrx_word' id='word_1_52' title='bbox 975 1155 1180 1256; x_wconf 80' lang='lat' dir='ltr'>Tarquinio</span> <span class='ocrx_word' id='word_1_53' title='bbox 1206 1155 1336 1245; x_wconf 74' lang='lat' dir='ltr'>Priapo</span> <span class='ocrx_word' id='word_1_54' title='bbox 1359 1163 1445 1266; x_wconf 72' lang='lat' dir='ltr'>eto.¹</span> 
     </span>
    </p>

    <p class='ocr_par' dir='ltr' id='par_1_5' title="bbox 271 1281 1985 1530">
     <span class='ocr_line' id='line_1_7' title="bbox 372 1281 1984 1396; baseline -0.003 -25"><span class='ocrx_word' id='word_1_55' title='bbox 372 1299 466 1372; x_wconf 82' lang='lat' dir='ltr'>Ann.</span> <span class='ocrx_word' id='word_1_56' title='bbox 492 1295 556 1370; x_wconf 85' lang='lat' dir='ltr'>IV.</span> <span class='ocrx_word' id='word_1_57' title='bbox 583 1297 644 1368; x_wconf 77' lang='lat'>74.</span> <span class='ocrx_word' id='word_1_58' title='bbox 696 1290 751 1366; x_wconf 88' lang='lat' dir='ltr'>lbi</span> <span class='ocrx_word' id='word_1_59' title='bbox 777 1313 912 1390; x_wconf 87' lang='lat' dir='ltr'>eampo</span> <span class='ocrx_word' id='word_1_60' title='bbox 938 1298 1002 1364; x_wconf 88' lang='lat' dir='ltr'>aut</span> <span class='ocrx_word' id='word_1_61' title='bbox 1027 1290 1152 1396; x_wconf 81' lang='lat' dir='ltr'>littore</span> <span class='ocrx_word' id='word_1_62' title='bbox 1178 1290 1343 1365; x_wconf 77' lang='lat' dir='ltr'>iacentes</span> <span class='ocrx_word' id='word_1_63' title='bbox 1369 1289 1475 1364; x_wconf 85' lang='lat' dir='ltr'>nulio</span> <span class='ocrx_word' id='word_1_64' title='bbox 1509 1290 1738 1388; x_wconf 67' lang='lat' dir='ltr'>discrimine⁴</span> <span class='ocrx_word' id='word_1_65' title='bbox 1757 1281 1909 1368; x_wconf 68' lang='lat' dir='ltr'>nodam</span> <span class='ocrx_word' id='word_1_66' title='bbox 1940 1315 1984 1366; x_wconf 85' lang='lat' dir='ltr'>ae</span> 
     </span>
     <span class='ocr_line' id='line_1_8' title="bbox 271 1421 1985 1530; baseline -0.003 -24"><span class='ocrx_word' id='word_1_67' title='bbox 271 1432 374 1508; x_wconf 91' lang='lat' dir='ltr'>diem</span> <span class='ocrx_word' id='word_1_68' title='bbox 399 1431 502 1504; x_wconf 86' lang='lat' dir='ltr'>iuxta</span> <span class='ocrx_word' id='word_1_69' title='bbox 527 1426 683 1528; x_wconf 84' lang='lat' dir='ltr'>gratiam</span> <span class='ocrx_word' id='word_1_70' title='bbox 711 1434 773 1500; x_wconf 91' lang='lat' dir='ltr'>aut</span> <span class='ocrx_word' id='word_1_71' title='bbox 799 1425 916 1500; x_wconf 80' lang='lat' dir='ltr'>fastus</span> <span class='ocrx_word' id='word_1_72' title='bbox 943 1421 1145 1500; x_wconf 89' lang='lat' dir='ltr'>ianitorum</span> <span class='ocrx_word' id='word_1_73' title='bbox 1170 1421 1486 1530; x_wconf 79' lang='lat' dir='ltr'>perpetiebantur,</span> <span class='ocrx_word' id='word_1_74' title='bbox 1513 1423 1635 1500; x_wconf 88' lang='lat' dir='ltr'>donee</span> <span class='ocrx_word' id='word_1_75' title='bbox 1646 1424 1809 1526; x_wconf 92' lang='lat' dir='ltr'>deniqne</span> <span class='ocrx_word' id='word_1_76' title='bbox 1820 1424 1985 1502; x_wconf 88' lang='lat' dir='ltr'>vetitum.</span> 
     </span>
    </p>

    <p class='ocr_par' dir='ltr' id='par_1_6' title="bbox 271 1529 1989 1802">
     <span class='ocr_line' id='line_1_9' title="bbox 371 1529 1989 1660; baseline -0.002 -23"><span class='ocrx_word' id='word_1_77' title='bbox 371 1529 470 1638; x_wconf 83' lang='lat' dir='ltr'>Anu.</span> <span class='ocrx_word' id='word_1_78' title='bbox 497 1563 546 1644; x_wconf 71' lang='lat' dir='ltr'>V,</span> <span class='ocrx_word' id='word_1_79' title='bbox 571 1563 604 1634; x_wconf 84' lang='lat'>4.</span> <span class='ocrx_word' id='word_1_80' title='bbox 658 1557 834 1636; x_wconf 89' lang='lat' dir='ltr'>brevibus</span> <span class='ocrx_word' id='word_1_81' title='bbox 866 1557 1070 1632; x_wconf 88' lang='lat' dir='ltr'>momentis</span> <span class='ocrx_word' id='word_1_82' title='bbox 1104 1582 1251 1632; x_wconf 90' lang='lat' dir='ltr'>summa</span> <span class='ocrx_word' id='word_1_83' title='bbox 1283 1557 1379 1632; x_wconf 86' lang='lat' dir='ltr'>verti</span> <span class='ocrx_word' id='word_1_84' title='bbox 1411 1581 1553 1658; x_wconf 73' lang='lat' dir='ltr'>possea¹</span> <span class='ocrx_word' id='word_1_85' title='bbox 1578 1559 1803 1660; x_wconf 76' lang='lat' dir='ltr'>quandoque</span> <span class='ocrx_word' id='word_1_86' title='bbox 1836 1543 1860 1634; x_wconf 84' lang='lat' dir='ltr'>e</span> <span class='ocrx_word' id='word_1_87' title='bbox 1890 1559 1989 1635; x_wconf 86' lang='lat' dir='ltr'>Ger·</span> 
     </span>
     <span class='ocr_line' id='line_1_10' title="bbox 271 1691 1824 1802; baseline -0.012 -27"><span class='ocrx_word' id='word_1_88' title='bbox 271 1697 428 1776; x_wconf 76' lang='lat' dir='ltr'>manicis</span> <span class='ocrx_word' id='word_1_89' title='bbox 455 1694 613 1770; x_wconf 86' lang='lat' dir='ltr'>exitium</span> <span class='ocrx_word' id='word_1_90' title='bbox 638 1691 891 1792; x_wconf 85' lang='lat' dir='ltr'>poenitentiae</span> <span class='ocrx_word' id='word_1_91' title='bbox 918 1691 1023 1766; x_wconf 88' lang='lat' dir='ltr'>seris.</span> <span class='ocrx_word' id='word_1_92' title='bbox 1819 1793 1824 1802; x_wconf 17' lang='grc' dir='ltr'><strong>ι</strong></span> 
     </span>
    </p>

    <p class='ocr_par' dir='ltr' id='par_1_7' title="bbox 270 1825 1989 2186">
     <span class='ocr_line' id='line_1_11' title="bbox 375 1825 1988 1930; baseline -0.001 -24"><span class='ocrx_word' id='word_1_93' title='bbox 375 1836 470 1906; x_wconf 82' lang='lat' dir='ltr'>Anu.</span> <span class='ocrx_word' id='word_1_94' title='bbox 494 1830 558 1906; x_wconf 80' lang='lat' dir='ltr'>vt.</span> <span class='ocrx_word' id='word_1_95' title='bbox 588 1829 644 1902; x_wconf 84' lang='lat'>18.</span> <span class='ocrx_word' id='word_1_96' title='bbox 686 1827 750 1924; x_wconf 88' lang='lat' dir='ltr'>qui</span> <span class='ocrx_word' id='word_1_97' title='bbox 775 1827 880 1901; x_wconf 85' lang='lat' dir='ltr'>nutto</span> <span class='ocrx_word' id='word_1_98' title='bbox 906 1849 1049 1930; x_wconf 86' lang='lat' dir='ltr'>pavore</span> <span class='ocrx_word' id='word_1_99' title='bbox 1075 1825 1178 1901; x_wconf 90' lang='lat' dir='ltr'>diem</span> <span class='ocrx_word' id='word_1_100' title='bbox 1203 1825 1368 1902; x_wconf 82' lang='lat' dir='ltr'>natatem</span> <span class='ocrx_word' id='word_1_101' title='bbox 1394 1825 1589 1900; x_wconf 81' lang='lat' dir='ltr'>celebrans</span> <span class='ocrx_word' id='word_1_102' title='bbox 1616 1835 1743 1926; x_wconf 91' lang='lat' dir='ltr'>raptus</span> <span class='ocrx_word' id='word_1_103' title='bbox 1767 1825 1806 1898; x_wconf 91' lang='lat' dir='ltr'>in</span> <span class='ocrx_word' id='word_1_104' title='bbox 1831 1827 1988 1920; x_wconf 83' lang='lat' dir='ltr'>auriam,</span> 
     </span>
     <span class='ocr_line' id='line_1_12' title="bbox 270 1957 1989 2068; baseline -0.006 -26"><span class='ocrx_word' id='word_1_105' title='bbox 270 1967 483 2068; x_wconf 70' lang='lat' dir='ltr'>pariterque</span> <span class='ocrx_word' id='word_1_106' title='bbox 516 1963 710 2056; x_wconf 87' lang='lat' dir='ltr'>damnatus</span> <span class='ocrx_word' id='word_1_107' title='bbox 743 1957 1035 2057; x_wconf 82' lang='lat' dir='ltr'>interfectusque</span> <span class='ocrx_word' id='word_1_108' title='bbox 1067 1967 1133 2036; x_wconf 87' lang='lat' dir='ltr'>est.</span> <span class='ocrx_word' id='word_1_109' title='bbox 1190 1960 1323 2037; x_wconf 87' lang='lat' dir='ltr'>Sorori</span> <span class='ocrx_word' id='word_1_110' title='bbox 1358 1959 1438 2038; x_wconf 84' lang='lat' dir='ltr'>eius</span> <span class='ocrx_word' id='word_1_111' title='bbox 1463 1959 1622 2038; x_wconf 78' lang='lat' dir='ltr'>Sanciae</span> <span class='ocrx_word' id='word_1_112' title='bbox 1656 1985 1753 2062; x_wconf 90' lang='lat' dir='ltr'>equa</span> <span class='ocrx_word' id='word_1_113' title='bbox 1777 1970 1889 2062; x_wconf 86' lang='lat' dir='ltr'>atque</span> <span class='ocrx_word' id='word_1_114' title='bbox 1913 1961 1989 2064; x_wconf 81' lang='lat' dir='ltr'>igni</span> 
     </span>
     <span class='ocr_line' id='line_1_13' title="bbox 271 2073 1141 2186; baseline -0.013 -10"><span class='ocrx_word' id='word_1_115' title='bbox 271 2100 508 2186; x_wconf 81' lang='lat' dir='ltr'>interdictum</span> <span class='ocrx_word' id='word_1_116' title='bbox 534 2113 604 2173; x_wconf 88' lang='lat' dir='ltr'>eto.</span> <span class='ocrx_word' id='word_1_117' title='bbox 924 2173 927 2184; x_wconf 61' lang='grc'><strong>,</strong></span> <span class='ocrx_word' id='word_1_118' title='bbox 1133 2073 1141 2088; x_wconf 82' lang='grc'><em>’</em></span> 
     </span>
    </p>

    <p class='ocr_par' dir='ltr' id='par_1_8' title="bbox 274 2211 1992 2605">
     <span class='ocr_line' id='line_1_14' title="bbox 374 2211 1991 2329; baseline -0.001 -22"><span class='ocrx_word' id='word_1_119' title='bbox 374 2233 470 2307; x_wconf 84' lang='grc' dir='ltr'>Διιιι.</span> <span class='ocrx_word' id='word_1_120' title='bbox 497 2231 559 2308; x_wconf 85' lang='lat' dir='ltr'>vt.</span> <span class='ocrx_word' id='word_1_121' title='bbox 589 2211 646 2306; x_wconf 77' lang='lat' dir='ltr'>se.</span> <span class='ocrx_word' id='word_1_122' title='bbox 696 2235 754 2304; x_wconf 81' lang='lat' dir='ltr'>Ae</span> <span class='ocrx_word' id='word_1_123' title='bbox 779 2250 828 2301; x_wconf 95' lang='lat' dir='ltr'>ne</span> <span class='ocrx_word' id='word_1_124' title='bbox 854 2223 1010 2305; x_wconf 81' lang='lat' dir='ltr'>dubium</span> <span class='ocrx_word' id='word_1_125' title='bbox 1034 2225 1238 2302; x_wconf 82' lang='lat' dir='ltr'>baberetur</span> <span class='ocrx_word' id='word_1_126' title='bbox 1260 2215 1554 2329; x_wconf 72' lang='lat' dir='ltr'>magnitudinem</span> <span class='ocrx_word' id='word_1_127' title='bbox 1579 2227 1761 2326; x_wconf 60' lang='lat' dir='ltr'>munias</span> <span class='ocrx_word' id='word_1_128' title='bbox 1780 2229 1882 2306; x_wconf 87' lang='lat' dir='ltr'>malo</span> <span class='ocrx_word' id='word_1_129' title='bbox 1904 2253 1991 2306; x_wconf 82' lang='lat' dir='ltr'>ver-</span> 
     </span>
     <span class='ocr_line' id='line_1_15' title="bbox 274 2357 1992 2464; baseline -0.005 -19"><span class='ocrx_word' id='word_1_130' title='bbox 274 2361 388 2464; x_wconf 77' lang='lat' dir='ltr'>tis&#39;se,</span> <span class='ocrx_word' id='word_1_131' title='bbox 415 2366 579 2443; x_wconf 76' lang='lat' dir='ltr'>enmdas</span> <span class='ocrx_word' id='word_1_132' title='bbox 606 2363 845 2463; x_wconf 68' lang='lat' dir='ltr'>aurariasque</span> <span class='ocrx_word' id='word_1_133' title='bbox 871 2361 973 2456; x_wconf 84' lang='lat' dir='ltr'>eius,</span> <span class='ocrx_word' id='word_1_134' title='bbox 1001 2381 1215 2460; x_wconf 75' lang='lat' dir='ltr'>quenquam</span> <span class='ocrx_word' id='word_1_135' title='bbox 1236 2359 1527 2461; x_wconf 79' lang='lat' dir='ltr'>publioerentur,</span> <span class='ocrx_word' id='word_1_136' title='bbox 1551 2357 1704 2438; x_wconf 80' lang='lat' dir='ltr'>sibimet</span> <span class='ocrx_word' id='word_1_137' title='bbox 1728 2362 1904 2438; x_wconf 80' lang='lat' dir='ltr'>&#39;liberius</span> <span class='ocrx_word' id='word_1_138' title='bbox 1930 2387 1992 2436; x_wconf 91' lang='lat' dir='ltr'>re-</span> 
     </span>
     <span class='ocr_line' id='line_1_16' title="bbox 276 2504 409 2605; baseline -0.015 -23"><span class='ocrx_word' id='word_1_139' title='bbox 276 2504 409 2605; x_wconf 85' lang='lat' dir='ltr'>posuit</span> 
     </span>
    </p>
   </div>
   <div class='ocr_carea' id='block_1_4' title="bbox 277 2632 1993 2870">
    <p class='ocr_par' dir='ltr' id='par_1_9' title="bbox 277 2632 1993 2870">
     <span class='ocr_line' id='line_1_17' title="bbox 378 2632 1993 2734; baseline -0.002 -20"><span class='ocrx_word' id='word_1_140' title='bbox 378 2641 477 2714; x_wconf 80' lang='lat' dir='ltr'>Anu.</span> <span class='ocrx_word' id='word_1_141' title='bbox 506 2639 564 2712; x_wconf 84' lang='lat' dir='ltr'>Vi.</span> <span class='ocrx_word' id='word_1_142' title='bbox 592 2640 651 2711; x_wconf 76' lang='lat'>20.</span> <span class='ocrx_word' id='word_1_143' title='bbox 702 2635 826 2734; x_wconf 84' lang='lat' dir='ltr'>Quem</span> <span class='ocrx_word' id='word_1_144' title='bbox 848 2633 1015 2708; x_wconf 61' lang='lat' dir='ltr'>meeum</span> <span class='ocrx_word' id='word_1_145' title='bbox 1041 2641 1080 2706; x_wconf 90' lang='lat' dir='ltr'>et</span> <span class='ocrx_word' id='word_1_146' title='bbox 1096 2632 1255 2710; x_wconf 82' lang='lat' dir='ltr'>dirersis</span> <span class='ocrx_word' id='word_1_147' title='bbox 1271 2632 1509 2708; x_wconf 72' lang='lat' dir='ltr'>sermonibus</span> <span class='ocrx_word' id='word_1_148' title='bbox 1528 2643 1781 2732; x_wconf 71' lang='lat' dir='ltr'>pertenmmm</span> <span class='ocrx_word' id='word_1_149' title='bbox 1800 2646 1993 2734; x_wconf 86' lang='lat' dir='ltr'>postremo</span> 
     </span>
     <span class='ocr_line' id='line_1_18' title="bbox 277 2767 1993 2870; baseline -0.005 -18"><span class='ocrx_word' id='word_1_150' title='bbox 277 2773 432 2852; x_wconf 78' lang='lat' dir='ltr'>Graecis</span> <span class='ocrx_word' id='word_1_151' title='bbox 458 2767 584 2848; x_wconf 82' lang='lat' dir='ltr'>¹verbis</span> <span class='ocrx_word' id='word_1_152' title='bbox 609 2771 649 2844; x_wconf 89' lang='lat' dir='ltr'>in</span> <span class='ocrx_word' id='word_1_153' title='bbox 674 2771 771 2846; x_wconf 87' lang='lat' dir='ltr'>bane</span> <span class='ocrx_word' id='word_1_154' title='bbox 797 2767 1021 2843; x_wconf 89' lang='lat' dir='ltr'>sententiam</span> <span class='ocrx_word' id='word_1_155' title='bbox 1047 2767 1243 2845; x_wconf 65' lang='lat' dir='ltr'>adeuntes</span> <span class='ocrx_word' id='word_1_156' title='bbox 1266 2776 1344 2840; x_wconf 70' lang='lat' dir='ltr'>esre</span> <span class='ocrx_word' id='word_1_157' title='bbox 1371 2767 1419 2841; x_wconf 80' lang='lat' dir='ltr'>Et</span> <span class='ocrx_word' id='word_1_158' title='bbox 1440 2776 1496 2862; x_wconf 89' lang='lat' dir='ltr'>tu,</span> <span class='ocrx_word' id='word_1_159' title='bbox 1522 2769 1657 2861; x_wconf 78' lang='lat' dir='ltr'>Galba,</span> <span class='ocrx_word' id='word_1_160' title='bbox 1685 2771 1911 2870; x_wconf 83' lang='lat' dir='ltr'>quandoque</span> <span class='ocrx_word' id='word_1_161' title='bbox 1924 2773 1993 2847; x_wconf 88' lang='lat' dir='ltr'>de-</span> 
     </span>
    </p>
   </div>
   <div class='ocr_carea' id='block_1_5' title="bbox 276 2907 1996 3938">
    <p class='ocr_par' dir='ltr' id='par_1_10' title="bbox 276 2907 676 3011">
     <span class='ocr_line' id='line_1_19' title="bbox 276 2907 676 3011; baseline -0.005 -29"><span class='ocrx_word' id='word_1_162' title='bbox 276 2907 439 3011; x_wconf 78' lang='lat' dir='ltr'>gustabis</span> <span class='ocrx_word' id='word_1_163' title='bbox 464 2907 676 3004; x_wconf 83' lang='lat' dir='ltr'>imperium.</span> 
     </span>
    </p>

    <p class='ocr_par' dir='ltr' id='par_1_11' title="bbox 277 3035 1995 3420">
     <span class='ocr_line' id='line_1_20' title="bbox 369 3035 1995 3138; baseline -0.001 -17"><span class='ocrx_word' id='word_1_164' title='bbox 369 3049 478 3122; x_wconf 67' lang='lat' dir='ltr'>¹buu.</span> <span class='ocrx_word' id='word_1_165' title='bbox 506 3041 565 3118; x_wconf 82' lang='lat' dir='ltr'>vl.</span> <span class='ocrx_word' id='word_1_166' title='bbox 591 3041 653 3117; x_wconf 78' lang='lat'>3³.</span> <span class='ocrx_word' id='word_1_167' title='bbox 705 3039 811 3136; x_wconf 75' lang='lat' dir='ltr'>Quae</span> <span class='ocrx_word' id='word_1_168' title='bbox 843 3045 1044 3136; x_wconf 73' lang='lat' dir='ltr'>postqum</span> <span class='ocrx_word' id='word_1_169' title='bbox 1067 3035 1260 3114; x_wconf 66' lang='lat' dir='ltr'>maenae</span> <span class='ocrx_word' id='word_1_170' title='bbox 1280 3037 1457 3138; x_wconf 54' lang='grc' dir='ltr'>νομὴ,</span> <span class='ocrx_word' id='word_1_171' title='bbox 1482 3037 1609 3112; x_wconf 73' lang='lat' dir='ltr'>:fliium</span> <span class='ocrx_word' id='word_1_172' title='bbox 1636 3035 1814 3115; x_wconf 76' lang='lat' dir='ltr'>Orodem·</span> <span class='ocrx_word' id='word_1_173' title='bbox 1834 3041 1995 3120; x_wconf 76' lang='lat' dir='ltr'>uitur-em</span> 
     </span>
     <span class='ocr_line' id='line_1_21' title="bbox 277 3169 1995 3276; baseline -0.001 -22"><span class='ocrx_word' id='word_1_174' title='bbox 277 3189 403 3276; x_wconf 82' lang='lat' dir='ltr'>parat,</span> <span class='ocrx_word' id='word_1_175' title='bbox 436 3177 573 3276; x_wconf 82' lang='lat' dir='ltr'>datque</span> <span class='ocrx_word' id='word_1_176' title='bbox 605 3173 829 3254; x_wconf 86' lang='lat' dir='ltr'>Parthorum</span> <span class='ocrx_word' id='word_1_177' title='bbox 862 3171 1112 3272; x_wconf 71' lang='lat' dir='ltr'>Arionnnque</span> <span class='ocrx_word' id='word_1_178' title='bbox 1148 3169 1296 3270; x_wconf 76' lang='lat' dir='ltr'>copias,</span> <span class='ocrx_word' id='word_1_179' title='bbox 1328 3171 1515 3270; x_wconf 64' lang='lat' dir='ltr'>masupia</span> <span class='ocrx_word' id='word_1_180' title='bbox 1545 3173 1617 3272; x_wconf 78' lang='lat' dir='ltr'>qai</span> <span class='ocrx_word' id='word_1_181' title='bbox 1645 3169 1995 3258; x_wconf 67' lang='lat' dir='ltr'>auridavmereede</span> 
     </span>
     <span class='ocr_line' id='line_1_22' title="bbox 278 3305 682 3420; baseline -0.02 -28"><span class='ocrx_word' id='word_1_182' title='bbox 278 3311 439 3420; x_wconf 65' lang='lat' dir='ltr'>ascirent</span> <span class='ocrx_word' id='word_1_183' title='bbox 463 3305 682 3404; x_wconf 72' lang='lat' dir='ltr'>(awirenrt’)</span> 
     </span>
    </p>

    <p class='ocr_par' dir='ltr' id='par_1_12' title="bbox 278 3437 1996 3938">
     <span class='ocr_line' id='line_1_23' title="bbox 381 3437 1996 3534; baseline 0.001 -17"><span class='ocrx_word' id='word_1_184' title='bbox 381 3445 475 3517; x_wconf 78' lang='lat' dir='ltr'>Ano.</span> <span class='ocrx_word' id='word_1_185' title='bbox 502 3442 564 3514; x_wconf 86' lang='lat' dir='ltr'>Vi.</span> <span class='ocrx_word' id='word_1_186' title='bbox 591 3444 651 3514; x_wconf 77' lang='lat'>40.</span> <span class='ocrx_word' id='word_1_187' title='bbox 705 3441 761 3515; x_wconf 84' lang='lat' dir='ltr'>Ee</span> <span class='ocrx_word' id='word_1_188' title='bbox 793 3463 893 3514; x_wconf 85' lang='lat' dir='ltr'>anno</span> <span class='ocrx_word' id='word_1_189' title='bbox 927 3461 1003 3510; x_wconf 89' lang='lat' dir='ltr'>uon</span> <span class='ocrx_word' id='word_1_190' title='bbox 1036 3459 1157 3534; x_wconf 87' lang='lat' dir='ltr'>aeque</span> <span class='ocrx_word' id='word_1_191' title='bbox 1188 3437 1291 3534; x_wconf 91' lang='lat' dir='ltr'>quod</span> <span class='ocrx_word' id='word_1_192' title='bbox 1317 3437 1357 3510; x_wconf 88' lang='lat' dir='ltr'>L.</span> <span class='ocrx_word' id='word_1_193' title='bbox 1383 3437 1563 3514; x_wconf 72' lang='lat' dir='ltr'>sranius</span> <span class='ocrx_word' id='word_1_194' title='bbox 1592 3487 1609 3512; x_wconf 81' lang='lat'>.·</span> <span class='ocrx_word' id='word_1_195' title='bbox 1638 3491 1650 3518; x_wconf 83' lang='grc'><strong>.</strong></span> <span class='ocrx_word' id='word_1_196' title='bbox 1680 3453 1848 3518; x_wconf 79' lang='lat' dir='ltr'>..marte</span> <span class='ocrx_word' id='word_1_197' title='bbox 1872 3443 1996 3530; x_wconf 56' lang='lat' dir='ltr'><em>M</em></span> 
     </span>
     <span class='ocr_line' id='line_1_24' title="bbox 278 3565 1995 3671; baseline 0.004 -22"><span class='ocrx_word' id='word_1_198' title='bbox 278 3575 405 3649; x_wconf 86' lang='lat' dir='ltr'>iurent</span> <span class='ocrx_word' id='word_1_199' title='bbox 428 3575 547 3671; x_wconf 90' lang='lat' dir='ltr'>(quod</span> <span class='ocrx_word' id='word_1_200' title='bbox 568 3573 609 3648; x_wconf 83' lang='lat' dir='ltr'>L.</span> <span class='ocrx_word' id='word_1_201' title='bbox 625 3573 802 3648; x_wconf 81' lang='lat' dir='ltr'>Anneius</span> <span class='ocrx_word' id='word_1_202' title='bbox 828 3570 950 3646; x_wconf 83' lang='lat' dir='ltr'>morte</span> <span class='ocrx_word' id='word_1_203' title='bbox 977 3565 1100 3644; x_wconf 81' lang='lat' dir='ltr'>affeeit</span> <span class='ocrx_word' id='word_1_204' title='bbox 1125 3565 1343 3663; x_wconf 74' lang='lat' dir='ltr'>sor-eremi)</span> <span class='ocrx_word' id='word_1_205' title='bbox 1370 3569 1608 3650; x_wconf 84' lang='lat' dir='ltr'>assuetudine</span> <span class='ocrx_word' id='word_1_206' title='bbox 1624 3571 1811 3653; x_wconf 77' lang='lat' dir='ltr'>malorum</span> <span class='ocrx_word' id='word_1_207' title='bbox 1827 3585 1869 3650; x_wconf 93' lang='lat' dir='ltr'>ut</span> <span class='ocrx_word' id='word_1_208' title='bbox 1885 3587 1995 3656; x_wconf 81' lang='lat' dir='ltr'>atrox</span> 
     </span>
     <span class='ocr_line' id='line_1_25' title="bbox 279 3681 1555 3813; baseline -0.003 -32"><span class='ocrx_word' id='word_1_209' title='bbox 279 3703 554 3813; x_wconf 84' lang='lat' dir='ltr'>advertebatur,</span> <span class='ocrx_word' id='word_1_210' title='bbox 581 3703 648 3780; x_wconf 87' lang='lat' dir='ltr'>sed</span> <span class='ocrx_word' id='word_1_211' title='bbox 674 3701 857 3780; x_wconf 88' lang='lat' dir='ltr'>exterruit</span> <span class='ocrx_word' id='word_1_212' title='bbox 881 3703 984 3804; x_wconf 90' lang='lat' dir='ltr'>quod</span> <span class='ocrx_word' id='word_1_213' title='bbox 1010 3709 1078 3778; x_wconf 85' lang='lat' dir='ltr'>ete.</span> <span class='ocrx_word' id='word_1_214' title='bbox 1169 3761 1171 3766; x_wconf 90' lang='lat'><em>.</em></span> <span class='ocrx_word' id='word_1_215' title='bbox 1539 3681 1555 3698; x_wconf 30' lang='lat'><strong>²</strong></span> 
     </span>
     <span class='ocr_line' id='line_1_26' title="bbox 293 3835 1994 3938; baseline 0.006 -25"><span class='ocrx_word' id='word_1_216' title='bbox 293 3871 297 3882; x_wconf 93' lang='lat'><em>·</em></span> <span class='ocrx_word' id='word_1_217' title='bbox 380 3841 476 3913; x_wconf 75' lang='lat' dir='ltr'>Anii.</span> <span class='ocrx_word' id='word_1_218' title='bbox 503 3835 567 3916; x_wconf 83' lang='lat' dir='ltr'>Xi.</span> <span class='ocrx_word' id='word_1_219' title='bbox 596 3839 628 3913; x_wconf 84' lang='lat' dir='ltr'>t.</span> <span class='ocrx_word' id='word_1_220' title='bbox 678 3837 926 3938; x_wconf 77' lang='lat' dir='ltr'>Praecipuum</span> <span class='ocrx_word' id='word_1_221' title='bbox 966 3845 1159 3914; x_wconf 88' lang='lat' dir='ltr'>auotorem</span> <span class='ocrx_word' id='word_1_222' title='bbox 1195 3835 1395 3910; x_wconf 74' lang='lat' dir='ltr'>Asiaticum</span> <span class='ocrx_word' id='word_1_223' title='bbox 1435 3837 1681 3914; x_wconf 82' lang='lat' dir='ltr'>interficiendi</span> <span class='ocrx_word' id='word_1_224' title='bbox 1716 3841 1885 3919; x_wconf 84' lang='lat' dir='ltr'>Caesaris</span> <span class='ocrx_word' id='word_1_225' title='bbox 1918 3873 1994 3924; x_wconf 90' lang='lat' dir='ltr'>non</span> 
     </span>
    </p>
   </div>
   <div class='ocr_carea' id='block_1_6' title="bbox 282 3967 1996 4192">
    <p class='ocr_par' dir='ltr' id='par_1_13' title="bbox 282 3967 1996 4192">
     <span class='ocr_line' id='line_1_27' title="bbox 282 3967 1996 4077; baseline 0.007 -32"><span class='ocrx_word' id='word_1_226' title='bbox 282 3970 503 4045; x_wconf 83' lang='lat' dir='ltr'>extimuisse</span> <span class='ocrx_word' id='word_1_227' title='bbox 527 3969 763 4045; x_wconf 77' lang='lat' dir='ltr'>uenditorem</span> <span class='ocrx_word' id='word_1_228' title='bbox 782 3969 913 4069; x_wconf 88' lang='lat' dir='ltr'>popuii</span> <span class='ocrx_word' id='word_1_229' title='bbox 936 3967 1100 4044; x_wconf 86' lang='lat' dir='ltr'>Romani</span> <span class='ocrx_word' id='word_1_230' title='bbox 1125 3968 1247 4065; x_wconf 82' lang='lat' dir='ltr'>fateri,</span> <span class='ocrx_word' id='word_1_231' title='bbox 1273 3971 1506 4071; x_wconf 87' lang='lat' dir='ltr'>gloriamque</span> <span class='ocrx_word' id='word_1_232' title='bbox 1527 3969 1707 4048; x_wconf 81' lang='lat' dir='ltr'>iaainoris</span> <span class='ocrx_word' id='word_1_233' title='bbox 1732 3975 1830 4050; x_wconf 85' lang='lat' dir='ltr'>uitro</span> <span class='ocrx_word' id='word_1_234' title='bbox 1856 3989 1996 4077; x_wconf 85' lang='lat' dir='ltr'>petere.</span> 
     </span>
     <span class='ocr_line' id='line_1_28' title="bbox 406 4102 1803 4192; baseline 0.003 -24"><span class='ocrx_word' id='word_1_235' title='bbox 406 4105 578 4168; x_wconf 68' lang='lat' dir='ltr'>mannen</span> <span class='ocrx_word' id='word_1_236' title='bbox 600 4119 634 4167; x_wconf 87' lang='lat' dir='ltr'>se</span> <span class='ocrx_word' id='word_1_237' title='bbox 655 4109 726 4184; x_wconf 85' lang='lat' dir='ltr'>port</span> <span class='ocrx_word' id='word_1_238' title='bbox 747 4103 924 4168; x_wconf 80' lang='lat' dir='ltr'>extimuisse</span> <span class='ocrx_word' id='word_1_239' title='bbox 947 4103 1036 4168; x_wconf 85' lang='lat' dir='ltr'>tarde</span> <span class='ocrx_word' id='word_1_240' title='bbox 1056 4103 1278 4186; x_wconf 76' lang='lat' dir='ltr'>inseri-pessit,</span> <span class='ocrx_word' id='word_1_241' title='bbox 1300 4102 1353 4170; x_wconf 86' lang='lat' dir='ltr'>ssd</span> <span class='ocrx_word' id='word_1_242' title='bbox 1375 4113 1416 4168; x_wconf 86' lang='lat' dir='ltr'>tte</span> <span class='ocrx_word' id='word_1_243' title='bbox 1436 4119 1514 4185; x_wconf 88' lang='lat' dir='ltr'>opus</span> <span class='ocrx_word' id='word_1_244' title='bbox 1535 4103 1657 4192; x_wconf 83' lang='lat' dir='ltr'>quiden</span> <span class='ocrx_word' id='word_1_245' title='bbox 1681 4123 1718 4171; x_wconf 90' lang='lat' dir='ltr'>ao</span> <span class='ocrx_word' id='word_1_246' title='bbox 1740 4115 1803 4172; x_wconf 68' lang='lat' dir='ltr'>est.r</span> 
     </span>
    </p>
   </div>
   <div class='ocr_carea' id='block_1_7' title="bbox 280 4251 1994 5028">
    <p class='ocr_par' dir='ltr' id='par_1_14' title="bbox 282 4251 1994 4488">
     <span class='ocr_line' id='line_1_29' title="bbox 382 4251 1994 4358; baseline 0.007 -30"><span class='ocrx_word' id='word_1_247' title='bbox 382 4255 475 4330; x_wconf 80' lang='lat' dir='ltr'>san.</span> <span class='ocrx_word' id='word_1_248' title='bbox 502 4253 565 4329; x_wconf 80' lang='lat' dir='ltr'>xt</span> <span class='ocrx_word' id='word_1_249' title='bbox 591 4253 626 4330; x_wconf 75' lang='grc'>4,</span> <span class='ocrx_word' id='word_1_250' title='bbox 678 4255 774 4328; x_wconf 71' lang='lat' dir='ltr'>(barm</span> <span class='ocrx_word' id='word_1_251' title='bbox 799 4253 916 4346; x_wconf 86' lang='lat' dir='ltr'>idem,</span> <span class='ocrx_word' id='word_1_252' title='bbox 941 4253 1072 4353; x_wconf 89' lang='lat' dir='ltr'>inquit,</span> <span class='ocrx_word' id='word_1_253' title='bbox 1099 4257 1148 4330; x_wconf 91' lang='lat' dir='ltr'>de</span> <span class='ocrx_word' id='word_1_254' title='bbox 1171 4251 1344 4334; x_wconf 80' lang='lat' dir='ltr'>admissis</span> <span class='ocrx_word' id='word_1_255' title='bbox 1370 4255 1567 4355; x_wconf 85' lang='lat' dir='ltr'>Poppaeae</span> <span class='ocrx_word' id='word_1_256' title='bbox 1587 4279 1742 4332; x_wconf 85' lang='lat' dir='ltr'>neeesse</span> <span class='ocrx_word' id='word_1_257' title='bbox 1764 4257 1994 4358; x_wconf 69' lang='lat' dir='ltr'>absentiam,</span> 
     </span>
     <span class='ocr_line' id='line_1_30' title="bbox 282 4387 1376 4488; baseline -0.002 -22"><span class='ocrx_word' id='word_1_258' title='bbox 282 4390 383 4488; x_wconf 89' lang='lat' dir='ltr'>quod</span> <span class='ocrx_word' id='word_1_259' title='bbox 409 4411 557 4483; x_wconf 80' lang='lat' dir='ltr'>mones,</span> <span class='ocrx_word' id='word_1_260' title='bbox 584 4397 711 4487; x_wconf 80' lang='lat' dir='ltr'>potate</span> <span class='ocrx_word' id='word_1_261' title='bbox 736 4397 806 4462; x_wconf 86' lang='lat' dir='ltr'>mo</span> <span class='ocrx_word' id='word_1_262' title='bbox 824 4387 929 4462; x_wconf 90' lang='lat' dir='ltr'>idem</span> <span class='ocrx_word' id='word_1_263' title='bbox 955 4388 1080 4463; x_wconf 86' lang='lat' dir='ltr'>diuers</span> <span class='ocrx_word' id='word_1_264' title='bbox 1107 4389 1207 4488; x_wconf 90' lang='lat' dir='ltr'>quod</span> <span class='ocrx_word' id='word_1_265' title='bbox 1232 4411 1376 4464; x_wconf 88' lang='lat' dir='ltr'>omnes.</span> 
     </span>
    </p>

    <p class='ocr_par' dir='ltr' id='par_1_15' title="bbox 384 4521 1921 4624">
     <span class='ocr_line' id='line_1_31' title="bbox 384 4521 1921 4624; baseline 0.004 -26"><span class='ocrx_word' id='word_1_266' title='bbox 384 4525 480 4598; x_wconf 73' lang='lat' dir='ltr'>dnn.</span> <span class='ocrx_word' id='word_1_267' title='bbox 508 4523 580 4597; x_wconf 74' lang='lat' dir='ltr'>xl:</span> <span class='ocrx_word' id='word_1_268' title='bbox 600 4523 635 4599; x_wconf 82' lang='lat' dir='ltr'>fi.</span> <span class='ocrx_word' id='word_1_269' title='bbox 687 4521 829 4621; x_wconf 72' lang='lat' dir='ltr'>Quodsi</span> <span class='ocrx_word' id='word_1_270' title='bbox 854 4522 893 4596; x_wconf 86' lang='lat' dir='ltr'>in</span> <span class='ocrx_word' id='word_1_271' title='bbox 919 4521 1058 4597; x_wconf 84' lang='lat' dir='ltr'>nuliius</span> <span class='ocrx_word' id='word_1_272' title='bbox 1082 4523 1300 4602; x_wconf 79' lang='lat' dir='ltr'>meroedem</span> <span class='ocrx_word' id='word_1_273' title='bbox 1326 4521 1473 4624; x_wconf 77' lang='lat' dir='ltr'>negotiu</span> <span class='ocrx_word' id='word_1_274' title='bbox 1500 4523 1599 4618; x_wconf 81' lang='lat' dir='ltr'>bant,</span> <span class='ocrx_word' id='word_1_275' title='bbox 1627 4521 1800 4622; x_wconf 81' lang='lat' dir='ltr'>pauntma</span> <span class='ocrx_word' id='word_1_276' title='bbox 1826 4531 1921 4606; x_wconf 82' lang='lat' dir='ltr'>ibre.</span> 
     </span>
    </p>

    <p class='ocr_par' dir='ltr' id='par_1_16' title="bbox 280 4655 1992 4904">
     <span class='ocr_line' id='line_1_32' title="bbox 384 4655 1992 4758; baseline 0.006 -26"><span class='ocrx_word' id='word_1_277' title='bbox 384 4659 478 4734; x_wconf 74' lang='lat' dir='ltr'>bon.</span> <span class='ocrx_word' id='word_1_278' title='bbox 503 4658 569 4734; x_wconf 82' lang='lat' dir='ltr'>xl.</span> <span class='ocrx_word' id='word_1_279' title='bbox 593 4657 633 4734; x_wconf 83' lang='lat'>8.</span> <span class='ocrx_word' id='word_1_280' title='bbox 685 4655 765 4734; x_wconf 84' lang='lat' dir='ltr'>Sub</span> <span class='ocrx_word' id='word_1_281' title='bbox 797 4656 899 4734; x_wconf 89' lang='lat' dir='ltr'>idem</span> <span class='ocrx_word' id='word_1_282' title='bbox 930 4667 1079 4756; x_wconf 80' lang='lat' dir='ltr'>tempus</span> <span class='ocrx_word' id='word_1_283' title='bbox 1105 4655 1357 4750; x_wconf 80' lang='lat' dir='ltr'>Mithridates,</span> <span class='ocrx_word' id='word_1_284' title='bbox 1393 4679 1508 4755; x_wconf 86' lang='lat' dir='ltr'>qoem</span> <span class='ocrx_word' id='word_1_285' title='bbox 1533 4657 1765 4758; x_wconf 77' lang='lat' dir='ltr'>imperitasse</span> <span class='ocrx_word' id='word_1_286' title='bbox 1792 4665 1992 4758; x_wconf 74' lang='lat' dir='ltr'>¹armeniis,</span> 
     </span>
     <span class='ocr_line' id='line_1_33' title="bbox 280 4789 1992 4904; baseline 0.004 -36"><span class='ocrx_word' id='word_1_287' title='bbox 280 4791 577 4868; x_wconf 65' lang='lat' dir='ltr'>macenaria</span> <span class='ocrx_word' id='word_1_288' title='bbox 610 4789 775 4872; x_wconf 70' lang='lat' dir='ltr'>vinem</span> <span class='ocrx_word' id='word_1_289' title='bbox 800 4792 1032 4904; x_wconf 84' lang='lat' dir='ltr'>memoravi,</span> <span class='ocrx_word' id='word_1_290' title='bbox 1066 4801 1247 4867; x_wconf 88' lang='lat' dir='ltr'>monente</span> <span class='ocrx_word' id='word_1_291' title='bbox 1270 4789 1425 4867; x_wconf 83' lang='lat' dir='ltr'>Claudio</span> <span class='ocrx_word' id='word_1_292' title='bbox 1457 4789 1496 4865; x_wconf 90' lang='lat' dir='ltr'>in</span> <span class='ocrx_word' id='word_1_293' title='bbox 1530 4816 1687 4894; x_wconf 84' lang='lat' dir='ltr'>regnum</span> <span class='ocrx_word' id='word_1_294' title='bbox 1713 4801 1894 4876; x_wconf 85' lang='lat' dir='ltr'>remeavit</span> <span class='ocrx_word' id='word_1_295' title='bbox 1919 4812 1992 4877; x_wconf 89' lang='lat' dir='ltr'>eto.</span> 
     </span>
    </p>

    <p class='ocr_par' dir='ltr' id='par_1_17' title="bbox 380 4911 1990 5028">
     <span class='ocr_line' id='line_1_34' title="bbox 380 4911 1990 5028; baseline 0.006 -26"><span class='ocrx_word' id='word_1_296' title='bbox 380 4927 473 5004; x_wconf 84' lang='lat' dir='ltr'>ibid.</span> <span class='ocrx_word' id='word_1_297' title='bbox 525 4927 616 5002; x_wconf 87' lang='lat' dir='ltr'>Nem</span> <span class='ocrx_word' id='word_1_298' title='bbox 642 4925 744 5000; x_wconf 86' lang='lat' dir='ltr'>initia</span> <span class='ocrx_word' id='word_1_299' title='bbox 777 4911 876 5001; x_wconf 79' lang='lat' dir='ltr'>inter</span> <span class='ocrx_word' id='word_1_300' title='bbox 901 4923 1081 5004; x_wconf 83' lang='lat' dir='ltr'>Gotarzes</span> <span class='ocrx_word' id='word_1_301' title='bbox 1110 4927 1293 5028; x_wconf 83' lang='lat' dir='ltr'>pleraque</span> <span class='ocrx_word' id='word_1_302' title='bbox 1316 4947 1447 5019; x_wconf 80' lang='lat' dir='ltr'>saeva,</span> <span class='ocrx_word' id='word_1_303' title='bbox 1475 4927 1564 5024; x_wconf 90' lang='lat' dir='ltr'>quin</span> <span class='ocrx_word' id='word_1_304' title='bbox 1591 4951 1723 5006; x_wconf 81' lang='lat' dir='ltr'>nerem</span> <span class='ocrx_word' id='word_1_305' title='bbox 1750 4927 1854 5007; x_wconf 76' lang='lat' dir='ltr'>fratri</span> <span class='ocrx_word' id='word_1_306' title='bbox 1884 4939 1990 5011; x_wconf 77' lang='lat' dir='ltr'>aaa·</span> 
     </span>
    </p>
   </div>
   <div class='ocr_carea' id='block_1_8' title="bbox 0 0 2250 5860">
    <p class='ocr_par' dir='ltr' id='par_1_18' title="bbox 0 0 2250 5860">
     <span class='ocr_line' id='line_1_35' title="bbox 0 0 2250 5860; baseline 0 0"><span class='ocrx_word' id='word_1_307' title='bbox 0 0 2250 5860; x_wconf 95' lang='lat' dir='ltr'> </span> 
     </span>
    </p>
   </div>
  </div>
 </body>
</html>
