4444 5866
1068 125 1098 176 V

143 352 317 429 Veterem
352 363 478 426 antem
514 349 680 452 syllabae
714 347 966 448 paenultimae
1002 348 1247 446 quantitatem
1273 345 1509 420 retinuerunt
1537 312 1762 444 Orinagoras
1789 343 1922 445 (Anth.
1949 343 2027 422 Pal.

144 499 208 595 vr,
235 503 320 592 ass,
348 499 387 598 a)
1430 495 1432 500 ’

562 627 674 710 Πανός
699 628 728 702 τ’
753 625 911 724 εἰχνίεσσα
934 628 1171 704 οιιτνοτὸτιτοιο
1196 626 1330 710 νιαλινῐ

148 806 184 866 et
209 793 434 890 Apollonius
459 788 629 863 Rhodius
655 788 684 880 l,
713 793 785 863 170

982 920 1075 998 ἔντεα
1099 923 1170 1028 ’γοίς
1196 927 1224 998 ol

563 1065 790 1169 τατςοοιοίτεις
810 1069 919 1152 'aaa
949 1071 1091 1176 μυχοίτῃ
1116 1069 1274 1175 &rixante
1297 1068 1443 1173 καλιῇ.

148 1227 318 1327 Denique
345 1208 558 1304 afferendus
584 1243 641 1302 est
666 1229 929 1314 Artemidorus
963 1231 1088 1327 quiin
1117 1227 1315 1303 Oniroorit.
1343 1227 1396 1321 ll,
1423 1231 1471 1301 24
1498 1228 1590 1300 haeo
1616 1227 1793 1327 praebet:
1820 1229 2031 1338 orgelitani

148 1379 286 1452 ιιιίπετοι
311 1387 369 1454 καί
393 1378 551 1453 καλιαί
577 1373 647 1474 [sio
674 1373 847 1450 Reislrius
875 1403 942 1474 pro
969 1380 1068 1476 vulg.
1095 1389 1239 1488 ιιαλεαί]
1279 1386 1337 1454 καὶ
1372 1377 1511 1475 οιόίντα
1550 1379 1588 1452 ἐν
1622 1377 1677 1460 οἷς
1708 1377 2029 1486 θησαυρίζεται

148 1537 214 1600 καί
240 1521 503 1602 α’νατίθεται
529 1524 584 1598 τιν’
609 1525 848 1629 catenara
873 1537 1015 1624 potabo
1041 1537 1198 1622 σημαίνει.
1248 1523 1522 1623 Lexioographi
1552 1549 1644 1597 vero
1678 1525 1756 1597 fere
1789 1525 1827 1598 iu
1863 1551 1908 1598 eo
1944 1551 2030 1599 oon·

148 1671 315 1746 sentiunt
341 1669 590 1776 quodprratra'r
615 1671 756 1746 mortuis
783 1685 820 1742 ot
845 1671 926 1748 olaoa
953 1672 1162 1771 significare
1189 1669 1421 1746 contendunt
1444 1683 1556 1782 anglae
1581 1672 1722 1774 ξύλινον,
1753 1641 2030 1784 καταχρηστικῶς

148 1815 183 1894 ii
207 1823 265 1894 καί
289 1821 344 1895 ε’ττί
368 1818 496 1897 λιθίνων
521 1821 623 1894 οίνιιῶν
649 1815 782 1915 (Ε.Μ.,
809 1813 850 1888 Ε.
867 1814 991 1910 Gne),
1017 1822 1114 1895 κοῖλα
1139 1821 1209 1925 'pole
1234 1820 1282 1896 roi
1305 1817 1396 1921 ξύλα
1421 1819 1540 1918 (Suid.
1567 1817 1742 1921 Hesyob.‚
1769 1819 1891 1926 Sobol.
1906 1821 2029 1920 Apoll.

154 1963 275 2037 Rhod.
302 1964 338 2057 Ι,
368 1965 466 2062 170).
517 1964 561 2038 In
595 1989 669 2061 quo
702 1963 956 2059 unusquisque
988 1964 1092 2037 videt
1122 1963 1222 2038 idem
1255 1964 1434 2038 accidisse
1467 1966 1681 2042 hominibus
1720 1969 2031 2067 etymologiarum

151 2111 303 2182 umbras
336 2111 572 2208 captantibus
608 2106 709 2206 quod
745 2108 963 2206 saepissime
990 2111 1142 2203 accidit,
1177 2123 1220 2185 ut
1244 2112 1340 2184 falsa
1366 2111 1519 2210 originis
1547 2115 1670 2210 speeie
1706 2141 1730 2187 a
1753 2126 1855 2188 reeta
1882 2116 1943 2188 via
1969 2115 2029 2188 de·

150 2255 252 2329 ducti
288 2280 334 2328 ea
365 2257 447 2353 ipsa
482 2256 531 2328 ad
565 2255 876 2353 significationem
912 2256 1170 2329 invertendum
1207 2257 1459 2330 abuterentur.
1499 2263 1599 2348 νιοιλιή
1634 2261 1734 2334 enim
1765 2287 1788 2333 a
1822 2265 1926 2340 κοῖλον
1952 2263 2030 2336 sive

148 2407 246 2487 ιινῖλον
281 2402 443 2476 derivari
469 2423 550 2475 non·
573 2413 700 2498 potest
724 2401 871 2474 uniat
900 2403 945 2474 iis
973 2403 1036 2499 qui
1062 2417 1231 2476 veterum
1257 2405 1416 2504 vestigia
1440 2409 1696 2504 prementibus
1724 2410 1867 2502 omnia,
1902 2421 2033 2481 nostra

148 2551 294 2624 ratione
321 2551 398 2623 usis
425 2549 518 2622 nihil
544 2550 654 2624 nobis
682 2549 793 2622 lioere
822 2551 1031 2648 opinentur.
1072 2549 1208 2625 Obstat
1234 2565 1359 2626 autem
1384 2565 1533 2651 praeter
1557 2579 1771 2628 mensuram
1797 2579 1897 2628 usus.
1937 2553 2032 2628 Pani

151 2697 249 2769 enim
278 2697 359 2793 quis
385 2697 548 2794 ligneam
576 2721 700 2768 casam
727 2696 885 2788 tribuat,
920 2697 981 2770 vel
1009 2700 1089 2794 quis
1117 2701 1281 2772 animum
1307 2699 1460 2775 inducat
1485 2701 1568 2774 Alei
1596 2668 1749 2776 domum
1774 2703 1813 2776 in
1840 2701 2032 2800 Apollonii

147 2844 233 2916 loco
260 2844 422 2941 ligneam
448 2843 616 2939 putare?

309 2987 469 3061 Exstant
495 2998 691 3084 praeterea
715 2988 901 3062 vocabula
927 2991 974 3062 ab
1002 3017 1047 3062 eo
1074 2993 1175 3088 quod
1202 2995 1414 3090 quaerimus
1441 2997 1541 3070 haud
1563 2999 1720 3072 multum
1743 2997 1892 3071 diversa
1917 2997 2033 3082 καλιάς

149 3161 235 3210 oum
262 3135 493 3208 deminutivo
520 3129 664 3210 asarta
690 3151 728 3212 et
752 3133 886 3218 ααλιοίς.
939 3133 1105 3223 Quorum
1141 3137 1187 3210 de
1222 3140 1342 3236 primo
1370 3141 1506 3214 Pollux
1534 3144 1610 3240 agir
1637 3141 1831 3217 Onomast.
1857 3139 1911 3234 X,
1941 3143 2032 3216 160:

150 3284 286 3358 καλιοὶ
312 3284 370 3356 καί
394 3283 543 3366 τιαλιδς
568 3281 586 3354 o‘
610 3285 753 3363 τοιοῦτος
780 3281 818 3380 [l.
847 3309 877 3356 e.
904 3283 1078 3389 o'griSaac]
1106 3293 1245 3372 οἰνίσκος
1269 3288 1311 3371 οἷς
1336 3299 1488 3395 Κρατῖνος
1514 3289 1689 3396 Θρᾴτταις

565 3433 597 3514 ἐς
622 3433 676 3506 'eir
701 3433 875 3532 καλιόν,
906 3427 942 3518 ἦν
966 3435 1074 3541 τύχῃ,
1108 3434 1352 3542 ταθείςγνιται.

149 3573 206 3664 ἤδη
232 3573 267 3653 li
291 3587 350 3652 οιαί
373 3579 427 3652 τὸν
451 3577 533 3682 τιςδς
558 3577 692 3662 οἰκήσεις
717 3572 890 3661 ἐπιτήδειον
915 3579 998 3656 οὕτω
1023 3583 1192 3682 λε’·γονσιν,
1220 3583 1260 3666 ὠς
1288 3587 1319 3658 ἐν
1343 3577 1469 3658 Ἐλπίδι
1496 3583 1705 3689 Ἐτιιχοίςμοιν
1731 3588 1851 3688 εἴρηται

565 3727 620 3800 τδι
645 3727 704 3800 τοῦ
727 3735 868 3824 ’γείτονος
892 3728 1044 3802 καλιόν

149 3875 181 3948 εν
206 3867 240 3948 a
260 3867 441 3957 uastata
454 3873 641 3968 Αὐτολύκῳ

567 4023 688 4095 vinosior
714 4015 740 4094 δ’
767 4013 876 4094 ἐνθάδ’
904 4020 1058 4126 ε’ντςισίν
1082 4013 1299 4105 τιαλιδίοις

566 4170 670 4262 οίιιννμ’
696 4164 780 4263 ἔχων
805 4165 955 4251 ἐ’νιαστος.

149 4309 282 4395 Καλιοίς
308 4323 444 4404 autem,
472 4313 518 4386 ab
547 4313 727 4386 alterutro
753 4297 1014 4410 propagatum,
1041 4313 1155 4388 modo
1183 4313 1336 4388 domum
1363 4313 1549 4415 significat
1574 4325 1616 4388 ut
1642 4313 1742 4412 apud
1768 4309 2032 4385 Philodamum

148 4456 304 4530 Anthol.
331 4455 408 4530 Pal.
435 4455 499 4548 ΧΙ,
527 4462 586 4551 44,
618 4463 634 4530 1
1332 4448 1339 4460 ’

567 4603 680 4714 Αὔςιον
705 4614 748 4692 είς
765 4611 857 4695 λιτήν
883 4639 915 4683 σι
941 4605 1146 4710 sobiolla,
1180 4617 1492 4712 (plasmandam,

568 4749 606 4853 ἐξ
630 4755 744 4843 ε’νοίτνις
768 4755 855 4831 ἕλκει
881 4761 1089 4853 μουσοφιλῆς
1113 4756 1239 4864 iraque,

148 4862 265 4969 modo
294 4899 471 4971 sacellum
496 4909 539 4970 ut
564 4899 664 4996 apud
690 4898 933 4976 Plutarchum
961 4901 1084 4994 (Num.
1112 4905 1151 5003 8)
1179 4919 1216 4977 et
1241 4901 1462 5002 Dionysium
1490 4901 1870 4976 Halicarnassonsern.

309 5043 394 5118 alam
422 5067 513 5120 vero
540 5059 584 5121 nt
608 5044 802 5122 aGraeois
822 5049 861 5121 in
881 5047 1026 5122 Italiam
1052 5060 1297 5142 transeamus,
1325 5049 1466 5122 habent
1491 5047 1650 5122 Romani
1678 5050 1902 5123 vocabulum
1929 5047 2031 5146 quod

149 5191 255 5264 ornni
281 5191 359 5264 fero
388 5217 434 5266 ex
462 5205 567 5290 parte
595 5194 629 5268 ei
655 5191 702 5268 de
729 5218 803 5292 quo
832 5193 1075 5270 disseruimus
1101 5196 1329 5295 respondere
1357 5196 1418 5268 rel
1444 5195 1469 5267 ii
1496 5195 1722 5288 concedent,
1762 5196 1822 5292 qui
1851 5195 2033 5295 etymolo-
