4532 5882
1249 572 1289 632 Vl

479 792 556 843 non
582 769 715 856 minua,
751 788 860 866 quam
886 760 932 836 ad
959 777 1095 838 ceteras
1123 759 1286 837 Graecae
1312 764 1564 864 grammaticae
1589 777 1711 865 partes
1735 761 1912 855 adhibita,
1947 789 2051 840 accu-

477 921 555 982 rate
580 917 812 998 tractentur.⁴
843 897 967 994 Quare
1000 927 1115 1002 quum
1146 896 1194 974 de
1223 900 1435 975 nominibus
1466 926 1514 976 ex
1536 897 1659 975 radice
1684 899 1848 978 formatis
1873 901 2053 1006 quaedam

479 1017 719 1146 collegissem,
748 1063 790 1113 ea
812 1063 984 1142 promere
1002 1035 1101 1112 haud
1121 1038 1301 1112 absonum
1320 1040 1438 1113 visum
1459 1054 1526 1113 est.
1561 1037 1686 1142 Atque
1706 1043 1903 1144 praecipue
1924 1043 2054 1143 agitari
2114 1045 2117 1050 “

478 1179 779 1283 significationem
811 1174 1040 1268 suffixorum,
1075 1173 1122 1251 de
1149 1201 1222 1280 qua
1246 1200 1380 1252 novam
1405 1179 1586 1252 rationem
1613 1175 1940 1253 commendandam
1963 1176 2054 1254 mihi

477 1322 627 1422 sumpsi.
667 1317 760 1390 Eam
784 1331 905 1390 autem
932 1339 1117 1418 exppnere
1143 1339 1221 1390 non
1245 1317 1366 1418 potui,
1396 1318 1487 1418 quin
1514 1312 1561 1390 de
1588 1309 1740 1409 suffixis,
1776 1341 1870 1420 quae
1895 1320 2053 1391 interae

476 1471 628 1558 cognata
653 1457 738 1546 sint,
769 1479 863 1557 quae
889 1439 1030 1528 dii'ersa
1055 1468 1093 1527 et
1118 1450 1165 1528 de
1191 1451 1271 1529 aliis
1295 1453 1420 1548 rebus,
1450 1479 1545 1555 quae
1570 1457 1690 1528 statim
1715 1458 1754 1528 in
1776 1453 1959 1529 vestibulo
1984 1453 2052 1527 hu·

358 1591 365 1606 ⁸
475 1599 532 1668 ius
558 1590 772 1694 disciplinae
797 1594 940 1695 positae
965 1607 1073 1692 sunt,
1101 1593 1333 1694 quaestiones
1359 1617 1546 1668 moverem
1566 1595 1694 1696 potius
1722 1608 1759 1667 et
1781 1588 2051 1683 adumbrarem,
2178 1587 2183 1606 ’

477 1757 588 1833 quam
622 1728 666 1804 ad
700 1729 813 1805 finem
846 1727 1098 1832 perducerem.
1153 1729 1284 1834 Itaque
1318 1732 1484 1833 inscripsi
1514 1729 1684 1806 libellum
1717 1733 1855 1804 maiore
1887 1733 2051 1820 nomine,

478 1893 691 1970 quamquo
715 1865 845 1970 dignus
872 1883 938 1951 est.
974 1893 1053 1943 non
1076 1883 1118 1946 ut
1142 1871 1258 1944 maius
1282 1865 1550 1976 promitterem,
1563 1933 1568 1942 .
1582 1893 1695 1970 quam
1720 1883 1954 1971 praestarem,
1990 1860 2053 1942 sed
2135 1861 2138 1872 '

475 2031 524 2081 ne
555 2005 737 2083 molestus·
762 2005 859 2082 soret
890 2005 999 2108 longa
1031 2007 1283 2108 inscriptione.
1305 2049 1308 2058 2
1333 2003 1467 2099 Quam,
1484 2032 1595 2108 parva
1629 2009 1727 2082 enim
1746 2008 1812 2110 ¹rei
1840 2007 2054 2108 propositae

365 2125 371 2150 ’
477 2169 561 2248 pars
593 2161 630 2218 et
662 2169 704 2216 ea
733 2131 919 2246 qruutuiis
952 2144 1272 2226 viribusatnactsta
1299 2147 1363 2232 sit,
1399 2141 1504 2220 adeo.
1527 2146 1666 2236 sentio,
1698 2159 1745 2220 «ut
1775 2143 2054 2248 benevolentiaq

477 2307 618 2374 eorum,
640 2285 712 2383 ‚qui
737 2281 832 2359 hanc
856 2281 1264 2390 commentatipncul'em
1288 2280 1424 2383 legent,
1454 2282 1653 2384 plurimum
1679 2279 1873 2358 confidam.
2033 2319 2037 2333 =
