4520 5896
994 744 1038 812 4,
1094 774 1243 780 „-

414 938 529 1003 Altera
557 938 730 1006 difficultas
758 940 792 1004 iu
814 940 920 1004 forma
943 940 1071 1022 passive
1093 939 1198 1024 posita
1226 947 1283 1004 est.
1328 940 1461 1023 Requiri
1485 941 1569 1005 enim
1592 940 1718 1005 videtur

330 1055 485 1121 medialis.
531 1057 593 1122 Sed
615 1057 790 1146 περιέφθη
812 1057 929 1140 legitur
951 1057 1068 1123 Herod.
1092 1057 1118 1120 V
1142 1062 1179 1122 81
1208 1059 1274 1122 τῶν
1301 1053 1460 1146 Θηβαίων
1485 1059 1630 1145 τρηχέως
1661 1081 1717 1123 πε·

329 1173 540 1260 (πεφθέντων
554 1169 622 1241 ὑπὸ
646 1177 712 1242 τῶν
730 1169 931 1265 Ἀθηναίων.
967 1177 1036 1256 Quo
1059 1177 1205 1260 exemplo
1229 1183 1350 1242 certum
1374 1175 1409 1242 fit
1424 1178 1584 1261 passivam
1608 1199 1717 1243 vocem

328 1313 530 1376 nequaquam
554 1317 574 1360 e
596 1303 713 1362 natura
735 1297 830 1380 hujus
851 1296 940 1361 verbi
969 1294 1153 1361 abhorrere.
1200 1295 1309 1378 Neque
1339 1297 1372 1360 iu
1400 1297 1445 1361 eis
1473 1295 1550 1361 locis
1574 1297 1613 1360 de
1649 1298 1716 1380 qni·

329 1409 389 1475 bus
418 1413 541 1498 agimus
571 1417 712 1480 aoristus
739 1417 857 1498 passivi
884 1421 1004 1480 temere
1031 1435 1090 1498 pro
1114 1413 1241 1481 mediali
1268 1416 1390 1498 positus
1422 1435 1506 1494 esse,
1540 1417 1595 1480 sed
1625 1439 1716 1482 suam

331 1530 394 1594 vim
425 1553 554 1598 servare
584 1535 717 1600 videtur.
766 1535 825 1600 Est
852 1536 936 1602 enim
963 1533 1094 1619 quidam
1123 1532 1290 1616 μεθέπειν
1315 1533 1405 1599 verbi
1435 1555 1525 1616 usus,
1553 1557 1617 1619 quo
1646 1559 1716 1602 cum

330 1649 457 1732 duplice
481 1655 663 1719 accusativo
692 1655 909 1738 conjungitur,
938 1655 1041 1720 altero
1068 1653 1116 1717 rei
1144 1673 1240 1736 quam
1264 1653 1334 1735 quis
1356 1653 1405 1717 vel
1428 1660 1548 1720 tractat
1570 1657 1619 1721 vel
1643 1655 1719 1721 diri-

329 1768 383 1851 git,
407 1769 509 1836 altero
533 1793 690 1855 personae
713 1773 745 1837 in
769 1794 866 1856 quam
890 1773 967 1858 quid
989 1773 1153 1858 dirigitur:
1177 1773 1207 1834 E
1229 1776 1290 1838 329
1311 1761 1401 1856 αἶψα
1423 1772 1456 1838 δι’
1482 1769 1641 1861 Τυδείδην
1662 1777 1717 1858 μέ-

328 1891 437 1953 θεπεν
458 1889 709 1978 κρατερώνυχας
729 1885 860 1969 ἵππους
881 1889 1070 1976 ἐμμεμαώς.
1108 1893 1178 1956 Nou
1202 1890 1338 1955 multum
1360 1891 1461 1956 distat
1482 1885 1624 1978 ἐφέπειν
1645 1915 1717 1959 cum

329 2007 437 2074 dativo
461 2019 494 2074 et
516 2013 699 2074 accusativo
722 2013 945 2096 conjunctum:
975 2015 1014 2076 H
1033 2017 1095 2078 732
1120 2002 1226 2098 αὐτὰρ
1254 1998 1273 2074 d
1296 2004 1484 2098 Πατρόκλῳ
1506 2003 1614 2098 ἔφεπε
1635 2037 1717 2102 κρα-

327 2127 512 2213 τερώνυχας
532 2123 677 2210 ἵππους,
708 2131 757 2196 vel
785 2131 884 2198 etiam
911 2131 1001 2197 nullo
1028 2151 1186 2214 personae
1216 2129 1344 2196 nomine
1373 2128 1485 2195 addito
1513 2131 1602 2196 Piud.
1625 2132 1717 2218 Pyth.

330 2247 382 2314 VI.
412 2255 451 2311 33
479 2243 498 2310 ὁ
528 2239 561 2312 d'
586 2243 711 2335 ἔφεπεν
743 2251 904 2334 κραταιὸν
936 2243 1039 2336 ἔγχος.
1084 2248 1239 2314 Similiter
1270 2248 1367 2332 igitur
1399 2248 1460 2312 hoc
1489 2248 1559 2314 loco
1590 2248 1648 2316 ἐπὶ
1678 2289 1715 2298 -

329 2359 446 2452 ἑάφθη
477 2367 616 2451 positum
647 2389 717 2434 esse
741 2369 882 2448 videtur,
912 2376 949 2436 ut
971 2369 1038 2436 fere
1062 2390 1100 2434 ea
1123 2368 1282 2434 sententia
1305 2366 1476 2443 efficiatur,
1504 2389 1602 2451 quam
1626 2369 1717 2436 Butt-

328 2505 463 2550 mannus
479 2487 650 2570 quaesivit:
673 2490 816 2555 immissa
830 2489 879 2552 rel
900 2488 1021 2554 inflicta
1045 2494 1108 2554 est:
1132 2487 1298 2553 inclinavit
1320 2493 1424 2568 caput
1447 2485 1508 2552 hoc
1530 2495 1579 2552 est
1602 2489 1719 2553 cecidit

330 2603 376 2687 (εν
396 2609 469 2669 aaut
490 2608 553 2690 hin)
576 2614 649 2692 post
668 2607 728 2674 hoc
743 2609 905 2674 immissus
921 2609 971 2674 vei
985 2609 1128 2672 uibratus
1144 2612 1193 2670 est
1209 2605 1339 2688 clupeus
1356 2611 1389 2670 et
1411 2605 1503 2688 galea
1519 2605 1633 2691 (warde
1655 2610 1716 2671 ιἸιοι

329 2725 608 2810 ιιοιΙφειιΙιΙιιιιίειε,
628 2732 701 2794 rotila
714 2731 775 2794 idm
790 2729 890 2810 noct),
907 2749 973 2810 qua
987 2729 1020 2792 in
1034 2725 1304 2808 interpretatione
1318 2721 1386 2790 fere
1401 2745 1464 2790 non
1480 2726 1607 2792 diversa
1622 2727 1663 2792 ab
1679 2747 1718 2792 ea

331 2863 427 2923 quam
451 2845 581 2927 quidam
604 2847 685 2912 falso
709 2870 749 2914 ex
771 2842 890 2914 ἅπτειν
912 2848 984 2912 elici
1006 2867 1100 2932 posse
1122 2844 1282 2929 putabant
1305 2847 1352 2924 (er
1365 2846 1473 2910 εοΙιὶοεε
1494 2847 1554 2910 ciet
1577 2851 1630 2928 on)
1654 2867 1717 2911 non

330 2959 422 3028 video
447 2965 525 3046 qnid
548 2965 684 3048 amplius
707 2967 916 3034 desideretur.
960 2967 1053 3032 ldem
1076 2964 1161 3028 haud
1184 2961 1278 3028 dubie
1301 2962 1400 3028 voluit
1422 2965 1477 3030 sed
1500 2985 1563 3030 nou
1586 2987 1716 3048 prorsus

331 3089 481 3148 accurate
503 3085 661 3166 expressit
682 3086 888 3151 Aristarchus
916 3105 987 3150 cum
1011 3074 1223 3169 ἠκολούθησε
1244 3082 1522 3165 interpretaretur.
1567 3083 1717 3150 Ceterum

331 3201 399 3266 leve
422 3201 593 3269 discrimen
617 3223 687 3268 esse
714 3204 798 3270 iuter
820 3203 973 3272 σπέσθαι
995 3211 1028 3269 et
1050 3197 1201 3292 ἓφθῆναι
1223 3201 1273 3266 vel
1296 3195 1453 3289 ἁφθῆναι
1477 3203 1630 3280 concedo,
1654 3225 1717 3269 non

330 3321 460 3403 gravius
483 3323 611 3406 quidem
635 3343 732 3407 quam
754 3324 787 3388 id
803 3324 889 3408 quod
904 3324 989 3388 inter
1003 3322 1202 3410 εέρφαοθαι
1222 3325 1255 3386 et
1270 3323 1477 3408 τερφθῆναι,
1496 3319 1718 3401 χολώοαοθαι

330 3449 362 3505 et
383 3439 579 3527 χυλωθῆναι
602 3443 780 3511 intercedit.

416 3559 533 3625 Verum
564 3563 643 3628 haec
669 3565 834 3631 hactenus.
885 3563 976 3628 Nunc
998 3561 1031 3626 id
1055 3559 1291 3643 exsequendum
1321 3565 1384 3632 est,
1414 3558 1453 3624 de
1481 3579 1545 3644 quo
1578 3533 1717 3624 maxime

331 3681 446 3763 agitur.
922 3683 931 3692 ’

922 3905 1125 3916 .—.--—-—

401 4105 637 4164 Semiseeculares
656 4123 719 4162 euos
736 4107 853 4164 honores
873 4107 940 4164 ordo
957 4105 1183 4178 philosophorum
1202 4105 1362 4176 gratulatus
1382 4111 1424 4158 est

724 4245 790 4298 viris
810 4243 972 4300 clarissimis
989 4250 1075 4314 atque
1095 4240 1199 4313 optime
1217 4241 1323 4296 meritis

658 4399 887 4465 FRIDERICO
911 4397 1199 4463 MAXIMILIANO
1224 4395 1390 4482 OERTEL

631 4501 779 4574 professori
798 4499 912 4556 scholae
930 4499 1108 4572 provincialis
1127 4498 1285 4553 Mieuiensis
1304 4497 1418 4555 emerito

714 4655 909 4720 GUSTAVO
934 4651 1171 4718 GUILIELMO
1195 4651 1340 4718 AHNER

541 4755 620 4810 verbi
637 4755 723 4811 divini
742 4758 817 4828 apud
837 4755 1078 4812 Hohenleinenees
1097 4770 1181 4826 prope
1199 4753 1363 4827 lleburgom
1383 4753 1507 4809 ministro

1546 4847 1559 4890 θ
