4532 5882
484 1385 539 1450 ns
559 1387 756 1454 sosmsms
775 1388 1081 1455 rnnnrrvonuu
1101 1391 1156 1454 nr
1176 1373 1743 1498 omnesones-orsoenos

323 1746 495 1926 Omnis
528 1847 575 1926 de
600 1855 793 1928 nominum
817 1854 1040 1932 formatione
1066 1854 1258 1961 discipirna
1283 1859 1447 1962 incipere
1479 1856 1592 1936 debet
1622 1886 1643 1934 a
1674 1857 1895 1954 discrimine,

319 1970 416 2046 inter
440 1977 590 2048 nomina
613 1980 797 2079 primitiva
823 1995 860 2054 et
886 1978 1046 2058 derivata
1070 1979 1277 2060 statuendo.
1325 1980 1440 2077 Quod
1466 1987 1534 2060 etsi
1557 1985 1719 2087 primum
1743 1987 1899 2062 intuenti

318 2108 393 2173 tam
417 2102 655 2202 perspicuum
681 2129 758 2179 esse
782 2103 940 2200 videtur,
970 2104 1017 2180 de
1044 2133 1120 2210 quo
1145 2111 1206 2184 vix
1222 2105 1392 2218 ‚dubitari
1417 2111 1547 2212 possit,
1576 2124 1699 2184 tamen
1725 2134 1746 2184 a
1768 2107 1898 2213 pleris-
1979 2195 1981 2198 ,

319 2244 392 2321 que
422 2226 654 2326 antiquarum
679 2227 884 2328 linguarum
909 2235 1150 2330 grammaticis
1174 2257 1297 2334 neque
1323 2249 1488 2310 accurate
1520 2231 1713 2310 definitum
1737 2249 1805 2325 est,
1834 2257 1898 2310 nc-

317 2369 392 2444 que
423 2347 463 2420 in
493 2347 690 2424 tractandis
720 2354 826 2425 variis
856 2357 1052 2427 nominum
1079 2357 1397 2431 terminationibus
1423 2360 1508 2432 satis
1532 2357 1702 2459 religiose
1728 2359 1898 2438 observa·

316 2481 409 2541 tum.
453 2467 694 2575 Distinguunt
719 2473 870 2578 quidem
894 2480 967 2550 iarn
991 2493 1132 2556 veteres
1157 2482 1379 2581 grammatici
1403 2483 1500 2555 inter
1522 2484 1674 2556 nomina
1698 2473 1901 2588 πρωτὸτυπα

317 2607 355 2666 et
380 2585 584 2702 παράγωγα,
614 2611 652 2672 et
676 2602 728 2674 sic
751 2616 947 2704 utramque
972 2602 1124 2678 classem
1151 2601 1366 2697 docebunt,
1395 2603 1526 2680 utilia
1551 2597 1596 2678 sd
1622 2596 1710 2680 sord
1729 2595 1785 2690 riv
1807 2596 1897 2712 argoi-

316 2744 371 2803 την
391 2712 490 2794 θέσιν
512 2703 703 2818 saffira,
732 2723 823 2800 haec
848 2719 894 2800 τὰ
917 2727 975 2825 ἀφ’
1002 2723 1106 2836 ἑτέρου
1132 2721 1190 2816 τὴν
1215 2723 1345 2818 γένεσιν
1366 2719 1543 2824 {murdre
1566 2727 1894 2832 complectatur¹),

240 2875 246 2886 ·
316 2855 354 2915 et
365 2838 584 2938 Priscianus,
615 2851 678 2950 qui
703 2853 853 2924 nomina
874 2855 1093 2953 principalia
1118 2880 1140 2928 a
1166 2851 1339 2929 derivem
1363 2857 1534 2948 secernit,
1562 2869 1605 2930 ut
1629 2857 1669 2928 in
1692 2853 1894 2958 plerisque,

281 3067 285 3070 -
315 2968 364 3042 ita
399 2970 439 3044 in
470 2967 545 3044 hoc
570 2975 758 3074 magistros
785 2973 949 3050 Graecos
974 2980 1141 3080 sequitur
1157 2975 1215 3072 2);
1243 3003 1377 3080 ¹verum
1411 2979 1478 3052 ubi
1499 2975 1555 3052 'de
1587 2977 1738 3081 singulis
1770 2995 1894 3082 agunt,

315 3115 556 3192 quaecunque
582 3099 732 3180 nomina
758 3097 819 3170 vel
846 3124 866 3170 a
890 3101 1026 3188 verbo,
1059 3101 1121 3174 vel
1146 3126 1168 3174 a
1192 3105 1343 3176 nomine
1369 3101 1495 3202 aliquo
1515 3118 1709 3204 repetunt,
1738 3100 1898 3180 derivata

314 3208 459 3304 dicunt,
493 3216 544 3288 ita
574 3228 617 3288 ut
646 3217 917 3317 primitivorum
948 3218 988 3290 in
1020 3213 1151 3290 ordine
1183 3240 1226 3290 ea
1255 3231 1399 3292 tantum
1428 3211 1702 3318 relinquentur,
1738 3249 1898 3320 quorum

314 3339 493 3442 originem
517 3340 706 3442 ignorant,
739 3339 842 3416 velut
866 3330 986 3448 πατήρ,
1020 3333 1077 3429 γῆ.
1131 3337 1177 3414 In
1209 3365 1285 3443 quo
1311 3344 1342 3416 si
1366 3355 1508 3416 veteres
1538 3343 1745 3442 sequimur,
1781 3369 1896 3446 qurum

314 3487 443 3566 magna
468 3479 597 3538 nostro
623 3477 791 3568 tempore
823 3489 938 3568 opera
962 3467 1002 3538 in
1028 3489 1074 3540 eo
1099 3479 1274 3567 ponatur,
1303 3481 1345 3542 ut
1369 3461 1549 3544 vocabula
1572 3461 1621 3540 ad
1647 3461 1789 3542 radices
1813 3493 1896 3544 sues

315 3585 557 3682 deducamus,
586 3587 817 3693 ,sperandum
851 3605 924 3682 est,
961 3588 1064 3682 iore,
1099 3605 1142 3664 ut
1172 3606 1380 3692 postremo*
1398 3593 1522 3666 omnia
1542 3615 1601 3666 ‘ex
1625 3593 1896 3694 primitivorum
1940 3648 1948 3672 .

314 3711 428 3790 classe
453 3716 549 3788 inter
574 3711 732 3791 derivata
757 3713 975 3790 referantur.
1019 3712 1150 3816 Itaque
1169 3713 1383 3808 Kiihnerus,
1413 3718 1478 3818 qui
1505 3719 1641 3808 omnia,
1671 3719 1765 3818 quae
1792 3743 1813 3790 a
1837 3743 1894 3792 ra·

286 3839 289 3850 ’
314 3835 395 3914 di'ce
415 3835 572 3941 quadam
590 3842 710 3942 repeti
727 3855 895 3942 possunt,
916 3841 1067 3914 nomina
1085 3835 1244 3915 derivata
1256 3855 1377 3933 vocat,
1400 3837 1462 3916 rel
1475 3838 1784 3943 simplicissimum
1801 3835 1891 3950 tede,

315 3966 490 4066 quoniam
516 3987 537 4036 a
562 3961 685 4038 radice
703 3962 885 4039 Sanscrita
911 3961 970 4059 Irr
995 3978 1118 4054 ortum
1144 3977 1212 4056 est,
1240 3961 1298 4038 his
1324 3961 1539 4040 adnumerat
1552 3963 1604 4061 3).
1650 3965 1707 4042 En
1733 3962 1802 4038 hac
1828 3967 1894 4066 igi-

312 4080 373 4162 tur
396 4091 538 4162 ratione
565 4085 760 4163 discrimen
785 4085 886 4162 illud*
904 4113 991 4164 rere
1014 4087 1170 4162 tollitur.
1205 4130 1246 4148 -
1275 4086 1395 4162 Aliter
1425 4085 1562 4164 docent
1585 4115 1644 4166 vv.
1674 4087 1737 4162 cll.
1790 4087 1892 4191 Bop·

312 4215 395 4315 pius
420 4227 459 4288 et
482 4209 626 4290 Pottius
642 4211 700 4313 ⁴),
731 4215 800 4316 qui
824 4209 937 4288 Indos
969 4215 1221 4315 grammaticos
1253 4215 1368 4288 secuti
1399 4215 1495 4290 inter
1510 4215 1670 4292 ,nomina
1702 4236 1746 4293 ex
1770 4208 1893 4287 radice

314 4338 422 4430 sacta,
457 4356 495 4414 et
527 4363 589 4432 ea,
627 4363 721 4440 quae
754 4365 775 4412 a
805 4340 963 4412 nominis
995 4336 1155 4417 themate
1187 4339 1375 4429 oriuntur,
1411 4335 1650 4439 distinguunt.
1704 4335 1763 4418 Ao,
1779 4351 1892 4422 ,recte

314 4461 464 4567 quidem
489 4463 552 4536 illa
578 4465 774 4568 primitiva,
803 4459 895 4536 haec
921 4458 1082 4566 derivata
1107 4476 1259 4556 vocant3
1294 4487 1405 4564 aquas
1437 4464 1535 4536 enim
1567 4487 1611 4535 ex
1637 4460 1741 4538 fonte
1766 4465 1806 4536 in
1830 4489 1891 4539 va·

373 4756 404 4836 ¹)
447 4753 485 4814 ci.
505 4753 628 4834 Dionys.
651 4753 726 4816 Thr.
747 4751 850 4838 511,
869 4753 957 4828 Beth
976 4752 1109 4816 Anccdd.
1130 4777 1159 4836 p.
1182 4752 1255 4816 6³4·
1273 4752 1314 4816 it.
1334 4752 1436 4818 schoil.
1458 4775 1487 4835 p.
1497 4751 1684 4840 sst--ssaa

371 4855 404 4938 ⁸)
445 4855 537 4915 Prisc.
558 4853 608 4930 11„
628 4853 658 4916 5.
1557 4857 1560 4863 ’

369 4955 402 5037 ³)
443 4977 490 5040 gr.
512 4954 625 5016 Graeca
645 4957 730 5038 ampl.
751 4955 837 5038 1.,‘p.
859 4953 929 5018 414.

372 5055 403 5138 ⁴')
443 5053 681 5142 Etymologischc
702 5055 920 5142 Forschungen,
940 5057 1061 5135 voit„
1082 5077 1110 5138 p.
1123 5055 1192 5118 153.
