<?xml version="1.0" encoding="UTF-8"?>
<!DOCTYPE html PUBLIC "-//W3C//DTD XHTML 1.0 Transitional//EN"
    "http://www.w3.org/TR/xhtml1/DTD/xhtml1-transitional.dtd">
<html xmlns="http://www.w3.org/1999/xhtml" xml:lang="en" lang="en">
 <head>
  <title>
</title>
<meta http-equiv="Content-Type" content="text/html;charset=utf-8" />
  <meta name='ocr-system' content='tesseract 3.04.00' />
  <meta name='ocr-capabilities' content='ocr_page ocr_carea ocr_par ocr_line ocrx_word'/>
</head>
<body>
  <div class='ocr_page' id='page_1' title='image "./denominumgraeco00curtgoog_0230.png"; bbox 0 0 4520 5896; ppageno 0'>
   <div class='ocr_carea' id='block_1_1' title="bbox 390 1929 1776 2948">
    <p class='ocr_par' dir='ltr' id='par_1_1' title="bbox 390 1929 1776 2948">
     <span class='ocr_line' id='line_1_1' title="bbox 390 1929 1774 2065; baseline 0.003 -23"><span class='ocrx_word' id='word_1_1' title='bbox 390 1929 491 2043; x_wconf 71' lang='lat' dir='ltr'><strong>luter</strong></span> <span class='ocrx_word' id='word_1_2' title='bbox 507 1980 666 2045; x_wconf 81' lang='lat' dir='ltr'>Graecam</span> <span class='ocrx_word' id='word_1_3' title='bbox 681 1979 892 2062; x_wconf 67' lang='lat' dir='ltr'><strong>Latinumque</strong></span> <span class='ocrx_word' id='word_1_4' title='bbox 915 1981 1055 2064; x_wconf 86' lang='lat' dir='ltr'><strong>lingnam</strong></span> <span class='ocrx_word' id='word_1_5' title='bbox 1078 1981 1275 2062; x_wconf 71' lang='lat' dir='ltr'><strong>quinarium</strong></span> <span class='ocrx_word' id='word_1_6' title='bbox 1292 1983 1492 2065; x_wconf 81' lang='lat' dir='ltr'>cognationis</span> <span class='ocrx_word' id='word_1_7' title='bbox 1503 1981 1664 2046; x_wconf 76' lang='lat' dir='ltr'><strong>sinculum</strong></span> <span class='ocrx_word' id='word_1_8' title='bbox 1675 1979 1774 2046; x_wconf 88' lang='lat' dir='ltr'><strong>inter·</strong></span> 
     </span>
     <span class='ocr_line' id='line_1_2' title="bbox 392 2089 1774 2179; baseline 0.002 -25"><span class='ocrx_word' id='word_1_9' title='bbox 392 2089 528 2170; x_wconf 89' lang='lat' dir='ltr'><strong>cederet,</strong></span> <span class='ocrx_word' id='word_1_10' title='bbox 551 2111 611 2157; x_wconf 91' lang='lat' dir='ltr'><strong>uec</strong></span> <span class='ocrx_word' id='word_1_11' title='bbox 625 2097 750 2158; x_wconf 85' lang='lat' dir='ltr'><strong>veteres</strong></span> <span class='ocrx_word' id='word_1_12' title='bbox 766 2093 1001 2172; x_wconf 83' lang='lat' dir='ltr'><strong>dubitaverunt,</strong></span> <span class='ocrx_word' id='word_1_13' title='bbox 1024 2093 1080 2176; x_wconf 90' lang='lat' dir='ltr'><strong>qui</strong></span> <span class='ocrx_word' id='word_1_14' title='bbox 1096 2093 1225 2176; x_wconf 86' lang='lat' dir='ltr'><strong>quidem</strong></span> <span class='ocrx_word' id='word_1_15' title='bbox 1241 2095 1408 2179; x_wconf 89' lang='lat' dir='ltr'><strong>utriusque</strong></span> <span class='ocrx_word' id='word_1_16' title='bbox 1424 2095 1579 2160; x_wconf 88' lang='lat' dir='ltr'><strong>sermonis</strong></span> <span class='ocrx_word' id='word_1_17' title='bbox 1594 2093 1774 2176; x_wconf 81' lang='lat' dir='ltr'><strong>cognitione</strong></span> 
     </span>
     <span class='ocr_line' id='line_1_3' title="bbox 390 2201 1775 2286; baseline 0.003 -22"><span class='ocrx_word' id='word_1_18' title='bbox 390 2205 567 2278; x_wconf 88' lang='lat' dir='ltr'><strong>uterentur,</strong></span> <span class='ocrx_word' id='word_1_19' title='bbox 590 2223 649 2267; x_wconf 89' lang='lat' dir='ltr'><strong>nec</strong></span> <span class='ocrx_word' id='word_1_20' title='bbox 671 2203 885 2286; x_wconf 79' lang='lat' dir='ltr'><strong>posteriorum</strong></span> <span class='ocrx_word' id='word_1_21' title='bbox 907 2209 1088 2286; x_wconf 90' lang='lat' dir='ltr'><strong>temporum</strong></span> <span class='ocrx_word' id='word_1_22' title='bbox 1110 2203 1255 2269; x_wconf 91' lang='lat' dir='ltr'><strong>homines</strong></span> <span class='ocrx_word' id='word_1_23' title='bbox 1278 2205 1449 2271; x_wconf 80' lang='lat' dir='ltr'><strong>doctiores.</strong></span> <span class='ocrx_word' id='word_1_24' title='bbox 1490 2203 1549 2269; x_wconf 87' lang='lat' dir='ltr'><strong>Est</strong></span> <span class='ocrx_word' id='word_1_25' title='bbox 1570 2209 1679 2269; x_wconf 88' lang='lat' dir='ltr'><strong>autem</strong></span> <span class='ocrx_word' id='word_1_26' title='bbox 1693 2201 1775 2268; x_wconf 83' lang='lat' dir='ltr'><strong>haec</strong></span> 
     </span>
     <span class='ocr_line' id='line_1_4' title="bbox 391 2310 1774 2399; baseline 0.004 -27"><span class='ocrx_word' id='word_1_27' title='bbox 391 2310 458 2374; x_wconf 82' lang='lat' dir='ltr'><strong>sive</strong></span> <span class='ocrx_word' id='word_1_28' title='bbox 480 2313 679 2395; x_wconf 78' lang='lat' dir='ltr'><strong>cognationis</strong></span> <span class='ocrx_word' id='word_1_29' title='bbox 702 2314 767 2378; x_wconf 82' lang='lat' dir='ltr'><strong>sive</strong></span> <span class='ocrx_word' id='word_1_30' title='bbox 788 2313 1039 2397; x_wconf 85' lang='lat' dir='ltr'><strong>propinquitatis</strong></span> <span class='ocrx_word' id='word_1_31' title='bbox 1061 2315 1148 2380; x_wconf 88' lang='lat' dir='ltr'><strong>notio</strong></span> <span class='ocrx_word' id='word_1_32' title='bbox 1170 2337 1373 2399; x_wconf 85' lang='lat' dir='ltr'><strong>nequaquam</strong></span> <span class='ocrx_word' id='word_1_33' title='bbox 1396 2315 1491 2380; x_wconf 86' lang='lat' dir='ltr'><strong>certis</strong></span> <span class='ocrx_word' id='word_1_34' title='bbox 1506 2313 1623 2380; x_wconf 90' lang='lat' dir='ltr'><strong>finibus</strong></span> <span class='ocrx_word' id='word_1_35' title='bbox 1639 2314 1774 2378; x_wconf 87' lang='lat' dir='ltr'><strong>circum·</strong></span> 
     </span>
     <span class='ocr_line' id='line_1_5' title="bbox 391 2419 1773 2509; baseline 0.005 -26"><span class='ocrx_word' id='word_1_36' title='bbox 391 2419 520 2503; x_wconf 78' lang='lat' dir='ltr'><strong>scripta.</strong></span> <span class='ocrx_word' id='word_1_37' title='bbox 554 2423 636 2488; x_wconf 88' lang='lat' dir='ltr'><strong>Nam</strong></span> <span class='ocrx_word' id='word_1_38' title='bbox 659 2429 692 2489; x_wconf 90' lang='lat' dir='ltr'><strong>et</strong></span> <span class='ocrx_word' id='word_1_39' title='bbox 713 2423 796 2488; x_wconf 90' lang='lat' dir='ltr'><strong>filius</strong></span> <span class='ocrx_word' id='word_1_40' title='bbox 819 2425 906 2507; x_wconf 87' lang='lat' dir='ltr'><strong>patri</strong></span> <span class='ocrx_word' id='word_1_41' title='bbox 929 2445 1046 2508; x_wconf 89' lang='lat' dir='ltr'><strong>genere</strong></span> <span class='ocrx_word' id='word_1_42' title='bbox 1068 2425 1267 2509; x_wconf 89' lang='lat' dir='ltr'><strong>propinquus</strong></span> <span class='ocrx_word' id='word_1_43' title='bbox 1289 2431 1339 2492; x_wconf 86' lang='lat' dir='ltr'><strong>est</strong></span> <span class='ocrx_word' id='word_1_44' title='bbox 1362 2431 1395 2490; x_wconf 89' lang='lat' dir='ltr'><strong>et</strong></span> <span class='ocrx_word' id='word_1_45' title='bbox 1416 2446 1516 2508; x_wconf 91' lang='lat' dir='ltr'><strong>nepos</strong></span> <span class='ocrx_word' id='word_1_46' title='bbox 1532 2446 1591 2490; x_wconf 83' lang='lat' dir='ltr'><strong>avo</strong></span> <span class='ocrx_word' id='word_1_47' title='bbox 1608 2429 1641 2488; x_wconf 87' lang='lat' dir='ltr'><strong>ot</strong></span> <span class='ocrx_word' id='word_1_48' title='bbox 1655 2423 1773 2490; x_wconf 87' lang='lat' dir='ltr'><strong>fratres</strong></span> 
     </span>
     <span class='ocr_line' id='line_1_6' title="bbox 390 2530 1774 2618; baseline 0.002 -25"><span class='ocrx_word' id='word_1_49' title='bbox 390 2530 474 2596; x_wconf 88' lang='lat' dir='ltr'><strong>inter</strong></span> <span class='ocrx_word' id='word_1_50' title='bbox 496 2553 531 2596; x_wconf 90' lang='lat' dir='ltr'><strong>se</strong></span> <span class='ocrx_word' id='word_1_51' title='bbox 554 2539 588 2598; x_wconf 87' lang='lat' dir='ltr'><strong>et</strong></span> <span class='ocrx_word' id='word_1_52' title='bbox 610 2536 647 2611; x_wconf 84' lang='lat' dir='ltr'><strong>ei,</strong></span> <span class='ocrx_word' id='word_1_53' title='bbox 671 2533 726 2616; x_wconf 92' lang='lat' dir='ltr'><strong>qui</strong></span> <span class='ocrx_word' id='word_1_54' title='bbox 749 2533 834 2618; x_wconf 90' lang='lat' dir='ltr'><strong>quod</strong></span> <span class='ocrx_word' id='word_1_55' title='bbox 858 2533 898 2598; x_wconf 87' lang='lat' dir='ltr'><strong>ab</strong></span> <span class='ocrx_word' id='word_1_56' title='bbox 922 2534 1034 2600; x_wconf 91' lang='lat' dir='ltr'><strong>eodem</strong></span> <span class='ocrx_word' id='word_1_57' title='bbox 1056 2557 1116 2601; x_wconf 81' lang='lat' dir='ltr'><strong>avo</strong></span> <span class='ocrx_word' id='word_1_58' title='bbox 1140 2536 1190 2600; x_wconf 88' lang='lat' dir='ltr'><strong>vel</strong></span> <span class='ocrx_word' id='word_1_59' title='bbox 1213 2537 1254 2602; x_wconf 90' lang='lat' dir='ltr'><strong>ab</strong></span> <span class='ocrx_word' id='word_1_60' title='bbox 1279 2537 1391 2601; x_wconf 87' lang='lat' dir='ltr'><strong>eadem</strong></span> <span class='ocrx_word' id='word_1_61' title='bbox 1415 2536 1489 2602; x_wconf 84' lang='lat' dir='ltr'><strong>avia</strong></span> <span class='ocrx_word' id='word_1_62' title='bbox 1509 2535 1669 2618; x_wconf 84' lang='lat' dir='ltr'><strong>progeniti</strong></span> <span class='ocrx_word' id='word_1_63' title='bbox 1692 2539 1774 2613; x_wconf 71' lang='lat' dir='ltr'><strong>sunt,</strong></span> 
     </span>
     <span class='ocr_line' id='line_1_7' title="bbox 391 2636 1776 2730; baseline 0.002 -24"><span class='ocrx_word' id='word_1_64' title='bbox 391 2662 411 2706; x_wconf 90' lang='lat' dir='ltr'><strong>a</strong></span> <span class='ocrx_word' id='word_1_65' title='bbox 434 2641 563 2708; x_wconf 84' lang='lat' dir='ltr'><strong>Graecis</strong></span> <span class='ocrx_word' id='word_1_66' title='bbox 586 2636 772 2728; x_wconf 72' lang='grc' dir='ltr'><em>ἇ-νεψ-ιοί,</em></span> <span class='ocrx_word' id='word_1_67' title='bbox 799 2644 833 2708; x_wconf 93' lang='lat' dir='ltr'><strong>id</strong></span> <span class='ocrx_word' id='word_1_68' title='bbox 856 2651 920 2724; x_wconf 87' lang='lat' dir='ltr'><strong>est,</strong></span> <span class='ocrx_word' id='word_1_69' title='bbox 953 2645 1045 2728; x_wconf 87' lang='lat' dir='ltr'><strong>quasi</strong></span> <span class='ocrx_word' id='word_1_70' title='bbox 1068 2645 1265 2730; x_wconf 89' lang='lat' dir='ltr'><strong>connepotii,</strong></span> <span class='ocrx_word' id='word_1_71' title='bbox 1293 2667 1314 2711; x_wconf 86' lang='lat' dir='ltr'><strong>a</strong></span> <span class='ocrx_word' id='word_1_72' title='bbox 1334 2646 1487 2712; x_wconf 85' lang='lat' dir='ltr'><strong>Romanis</strong></span> <span class='ocrx_word' id='word_1_73' title='bbox 1517 2644 1700 2710; x_wconf 90' lang='lat' dir='ltr'><strong>consobrini</strong></span> <span class='ocrx_word' id='word_1_74' title='bbox 1721 2664 1776 2709; x_wconf 81' lang='lat' dir='ltr'><strong>vo·</strong></span> 
     </span>
     <span class='ocr_line' id='line_1_8' title="bbox 393 2753 1776 2840; baseline 0.004 -25"><span class='ocrx_word' id='word_1_75' title='bbox 393 2759 515 2819; x_wconf 88' lang='lat' dir='ltr'><strong>cantur.</strong></span> <span class='ocrx_word' id='word_1_76' title='bbox 557 2753 601 2818; x_wconf 87' lang='lat' dir='ltr'><strong>Et</strong></span> <span class='ocrx_word' id='word_1_77' title='bbox 620 2754 779 2820; x_wconf 85' lang='lat' dir='ltr'><strong>naturalis</strong></span> <span class='ocrx_word' id='word_1_78' title='bbox 802 2756 930 2838; x_wconf 91' lang='lat' dir='ltr'><strong>quidem</strong></span> <span class='ocrx_word' id='word_1_79' title='bbox 955 2755 1039 2820; x_wconf 90' lang='lat' dir='ltr'><strong>inter</strong></span> <span class='ocrx_word' id='word_1_80' title='bbox 1060 2756 1204 2821; x_wconf 83' lang='lat' dir='ltr'><strong>homines</strong></span> <span class='ocrx_word' id='word_1_81' title='bbox 1229 2755 1479 2840; x_wconf 85' lang='lat' dir='ltr'><strong>propinquitatis</strong></span> <span class='ocrx_word' id='word_1_82' title='bbox 1505 2755 1622 2838; x_wconf 86' lang='lat' dir='ltr'><strong>gradus</strong></span> <span class='ocrx_word' id='word_1_83' title='bbox 1635 2762 1776 2834; x_wconf 69' lang='lat' dir='ltr'><strong>ueteres,</strong></span> 
     </span>
     <span class='ocr_line' id='line_1_9' title="bbox 391 2864 1776 2948; baseline 0.003 -22"><span class='ocrx_word' id='word_1_84' title='bbox 391 2864 542 2944; x_wconf 90' lang='lat' dir='ltr'><strong>quoniam</strong></span> <span class='ocrx_word' id='word_1_85' title='bbox 568 2864 629 2930; x_wconf 91' lang='lat' dir='ltr'><strong>hoc</strong></span> <span class='ocrx_word' id='word_1_86' title='bbox 654 2865 909 2948; x_wconf 89' lang='lat' dir='ltr'><strong>uniuscujusque</strong></span> <span class='ocrx_word' id='word_1_87' title='bbox 934 2867 1104 2941; x_wconf 88' lang='lat' dir='ltr'><strong>intererat,</strong></span> <span class='ocrx_word' id='word_1_88' title='bbox 1136 2867 1379 2930; x_wconf 84' lang='lat' dir='ltr'><strong>accuratissime</strong></span> <span class='ocrx_word' id='word_1_89' title='bbox 1413 2865 1630 2930; x_wconf 86' lang='lat' dir='ltr'><strong>distinxerunt</strong></span> <span class='ocrx_word' id='word_1_90' title='bbox 1661 2869 1693 2931; x_wconf 91' lang='lat' dir='ltr'><strong>et</strong></span> <span class='ocrx_word' id='word_1_91' title='bbox 1724 2865 1776 2930; x_wconf 90' lang='lat' dir='ltr'><strong>de·</strong></span> 
     </span>
    </p>
   </div>
   <div class='ocr_carea' id='block_1_2' title="bbox 393 2971 1778 3060">
    <p class='ocr_par' dir='ltr' id='par_1_2' title="bbox 393 2971 1778 3060">
     <span class='ocr_line' id='line_1_10' title="bbox 393 2971 1778 3060; baseline 0.004 -26"><span class='ocrx_word' id='word_1_92' title='bbox 393 2971 560 3044; x_wconf 70' lang='lat' dir='ltr'><strong>finierunt,</strong></span> <span class='ocrx_word' id='word_1_93' title='bbox 584 2993 764 3055; x_wconf 76' lang='lat' dir='ltr'><strong>quaerero</strong></span> <span class='ocrx_word' id='word_1_94' title='bbox 787 2975 872 3038; x_wconf 91' lang='lat' dir='ltr'><strong>inter</strong></span> <span class='ocrx_word' id='word_1_95' title='bbox 894 2976 1001 3039; x_wconf 82' lang='lat' dir='ltr'><strong>varias</strong></span> <span class='ocrx_word' id='word_1_96' title='bbox 1023 2975 1186 3039; x_wconf 83' lang='lat' dir='ltr'><strong>variarum</strong></span> <span class='ocrx_word' id='word_1_97' title='bbox 1209 2975 1351 3057; x_wconf 89' lang='lat' dir='ltr'><strong>gentium</strong></span> <span class='ocrx_word' id='word_1_98' title='bbox 1373 2977 1499 3059; x_wconf 87' lang='lat' dir='ltr'><strong>linguas</strong></span> <span class='ocrx_word' id='word_1_99' title='bbox 1522 2981 1555 3040; x_wconf 87' lang='lat' dir='ltr'><strong>et</strong></span> <span class='ocrx_word' id='word_1_100' title='bbox 1581 2977 1666 3040; x_wconf 89' lang='lat' dir='ltr'><strong>inter</strong></span> <span class='ocrx_word' id='word_1_101' title='bbox 1691 2976 1778 3060; x_wconf 86' lang='lat' dir='ltr'><strong>ipsas</strong></span> 
     </span>
    </p>
   </div>
   <div class='ocr_carea' id='block_1_3' title="bbox 300 3083 1852 4713">
    <p class='ocr_par' dir='ltr' id='par_1_3' title="bbox 300 3083 1852 4713">
     <span class='ocr_line' id='line_1_11' title="bbox 396 3083 1778 3168; baseline 0.004 -23"><span class='ocrx_word' id='word_1_102' title='bbox 396 3101 478 3164; x_wconf 85' lang='lat' dir='ltr'><strong>quoe</strong></span> <span class='ocrx_word' id='word_1_103' title='bbox 501 3083 546 3147; x_wconf 90' lang='lat' dir='ltr'><strong>eis</strong></span> <span class='ocrx_word' id='word_1_104' title='bbox 569 3083 745 3148; x_wconf 87' lang='lat' dir='ltr'><strong>utebantur</strong></span> <span class='ocrx_word' id='word_1_105' title='bbox 768 3090 878 3166; x_wconf 89' lang='lat' dir='ltr'><strong>gentes</strong></span> <span class='ocrx_word' id='word_1_106' title='bbox 893 3085 1139 3150; x_wconf 89' lang='lat' dir='ltr'><strong>necessitudinis</strong></span> <span class='ocrx_word' id='word_1_107' title='bbox 1154 3085 1238 3149; x_wconf 92' lang='lat' dir='ltr'><strong>ratio</strong></span> <span class='ocrx_word' id='word_1_108' title='bbox 1254 3089 1348 3163; x_wconf 91' lang='lat' dir='ltr'><strong>esset,</strong></span> <span class='ocrx_word' id='word_1_109' title='bbox 1364 3085 1415 3150; x_wconf 82' lang='lat' dir='ltr'><strong>rel</strong></span> <span class='ocrx_word' id='word_1_110' title='bbox 1429 3084 1605 3149; x_wconf 88' lang='lat' dir='ltr'><strong>doctissimi</strong></span> <span class='ocrx_word' id='word_1_111' title='bbox 1621 3107 1778 3168; x_wconf 86' lang='lat' dir='ltr'><strong>gramma·</strong></span> 
     </span>
     <span class='ocr_line' id='line_1_12' title="bbox 392 3193 1776 3278; baseline 0.001 -22"><span class='ocrx_word' id='word_1_112' title='bbox 392 3193 447 3256; x_wconf 91' lang='lat' dir='ltr'><strong>tici</strong></span> <span class='ocrx_word' id='word_1_113' title='bbox 470 3198 503 3256; x_wconf 86' lang='lat' dir='ltr'><strong>et</strong></span> <span class='ocrx_word' id='word_1_114' title='bbox 525 3193 677 3276; x_wconf 90' lang='lat' dir='ltr'><strong>philologi</strong></span> <span class='ocrx_word' id='word_1_115' title='bbox 699 3193 754 3258; x_wconf 89' lang='lat' dir='ltr'><strong>diu</strong></span> <span class='ocrx_word' id='word_1_116' title='bbox 775 3197 843 3258; x_wconf 87' lang='lat' dir='ltr'><strong>tam</strong></span> <span class='ocrx_word' id='word_1_117' title='bbox 864 3215 977 3277; x_wconf 86' lang='lat' dir='ltr'><strong>parum</strong></span> <span class='ocrx_word' id='word_1_118' title='bbox 999 3194 1164 3272; x_wconf 88' lang='lat' dir='ltr'><strong>curabant,</strong></span> <span class='ocrx_word' id='word_1_119' title='bbox 1186 3201 1223 3258; x_wconf 93' lang='lat' dir='ltr'><strong>ut</strong></span> <span class='ocrx_word' id='word_1_120' title='bbox 1237 3196 1288 3259; x_wconf 87' lang='lat' dir='ltr'><strong>vix</strong></span> <span class='ocrx_word' id='word_1_121' title='bbox 1304 3195 1480 3278; x_wconf 84' lang='lat' dir='ltr'><strong>quaerendi</strong></span> <span class='ocrx_word' id='word_1_122' title='bbox 1500 3215 1631 3278; x_wconf 87' lang='lat' dir='ltr'><strong>oporam</strong></span> <span class='ocrx_word' id='word_1_123' title='bbox 1651 3194 1776 3273; x_wconf 84' lang='lat' dir='ltr'><strong>darent,</strong></span> 
     </span>
     <span class='ocr_line' id='line_1_13' title="bbox 395 3301 1777 3389; baseline 0.001 -23"><span class='ocrx_word' id='word_1_124' title='bbox 395 3301 598 3387; x_wconf 87' lang='lat' dir='ltr'><strong>indictaque,</strong></span> <span class='ocrx_word' id='word_1_125' title='bbox 621 3311 658 3368; x_wconf 90' lang='lat' dir='ltr'><strong>ut</strong></span> <span class='ocrx_word' id='word_1_126' title='bbox 679 3305 726 3369; x_wconf 89' lang='lat' dir='ltr'><strong>ita</strong></span> <span class='ocrx_word' id='word_1_127' title='bbox 749 3303 870 3382; x_wconf 89' lang='lat' dir='ltr'><strong>dicam,</strong></span> <span class='ocrx_word' id='word_1_128' title='bbox 898 3323 996 3368; x_wconf 86' lang='lat' dir='ltr'><strong>causa</strong></span> <span class='ocrx_word' id='word_1_129' title='bbox 1017 3305 1166 3369; x_wconf 82' lang='lat' dir='ltr'><strong>Latinum</strong></span> <span class='ocrx_word' id='word_1_130' title='bbox 1192 3304 1336 3389; x_wconf 87' lang='lat' dir='ltr'><strong>linguam</strong></span> <span class='ocrx_word' id='word_1_131' title='bbox 1365 3304 1491 3370; x_wconf 87' lang='lat' dir='ltr'><strong>Graeca</strong></span> <span class='ocrx_word' id='word_1_132' title='bbox 1516 3310 1595 3370; x_wconf 86' lang='lat' dir='ltr'><strong>natu</strong></span> <span class='ocrx_word' id='word_1_133' title='bbox 1622 3305 1777 3370; x_wconf 88' lang='lat' dir='ltr'><strong>minorem</strong></span> 
     </span>
     <span class='ocr_line' id='line_1_14' title="bbox 398 3411 1778 3498; baseline 0.001 -21"><span class='ocrx_word' id='word_1_134' title='bbox 398 3431 436 3477; x_wconf 91' lang='lat' dir='ltr'><strong>ac</strong></span> <span class='ocrx_word' id='word_1_135' title='bbox 458 3413 509 3476; x_wconf 88' lang='lat' dir='ltr'><strong>vel</strong></span> <span class='ocrx_word' id='word_1_136' title='bbox 531 3411 629 3480; x_wconf 84' lang='lat' dir='ltr'><strong>filiam</strong></span> <span class='ocrx_word' id='word_1_137' title='bbox 652 3415 721 3498; x_wconf 89' lang='lat' dir='ltr'><strong>ejus</strong></span> <span class='ocrx_word' id='word_1_138' title='bbox 750 3435 819 3479; x_wconf 90' lang='lat' dir='ltr'><strong>esse</strong></span> <span class='ocrx_word' id='word_1_139' title='bbox 842 3415 1040 3479; x_wconf 90' lang='lat' dir='ltr'><strong>confidenter</strong></span> <span class='ocrx_word' id='word_1_140' title='bbox 1062 3415 1274 3480; x_wconf 86' lang='lat' dir='ltr'><strong>declararent.</strong></span> <span class='ocrx_word' id='word_1_141' title='bbox 1321 3417 1370 3480; x_wconf 80' lang='lat' dir='ltr'><strong>Ac</strong></span> <span class='ocrx_word' id='word_1_142' title='bbox 1394 3417 1513 3481; x_wconf 89' lang='lat' dir='ltr'><strong>nostris</strong></span> <span class='ocrx_word' id='word_1_143' title='bbox 1542 3414 1671 3498; x_wconf 87' lang='lat' dir='ltr'><strong>quidem</strong></span> <span class='ocrx_word' id='word_1_144' title='bbox 1698 3419 1778 3478; x_wconf 90' lang='lat' dir='ltr'><strong>tem-</strong></span> 
     </span>
     <span class='ocr_line' id='line_1_15' title="bbox 393 3522 1778 3610; baseline 0.001 -24"><span class='ocrx_word' id='word_1_145' title='bbox 393 3522 525 3606; x_wconf 90' lang='lat' dir='ltr'><strong>poribus</strong></span> <span class='ocrx_word' id='word_1_146' title='bbox 548 3525 619 3606; x_wconf 93' lang='lat' dir='ltr'><strong>quis</strong></span> <span class='ocrx_word' id='word_1_147' title='bbox 643 3531 700 3602; x_wconf 76' lang='lat' dir='ltr'><strong>est,</strong></span> <span class='ocrx_word' id='word_1_148' title='bbox 725 3525 779 3610; x_wconf 92' lang='lat' dir='ltr'><strong>qui</strong></span> <span class='ocrx_word' id='word_1_149' title='bbox 802 3525 944 3590; x_wconf 80' lang='lat' dir='ltr'><strong>diversas</strong></span> <span class='ocrx_word' id='word_1_150' title='bbox 966 3525 1040 3590; x_wconf 86' lang='lat' dir='ltr'><strong>illas</strong></span> <span class='ocrx_word' id='word_1_151' title='bbox 1063 3525 1227 3610; x_wconf 86' lang='lat' dir='ltr'><strong>opiniones</strong></span> <span class='ocrx_word' id='word_1_152' title='bbox 1251 3525 1291 3591; x_wconf 87' lang='lat' dir='ltr'><strong>de</strong></span> <span class='ocrx_word' id='word_1_153' title='bbox 1304 3525 1429 3591; x_wconf 83' lang='lat' dir='ltr'><strong>Graeca</strong></span> <span class='ocrx_word' id='word_1_154' title='bbox 1444 3531 1508 3604; x_wconf 85' lang='lat' dir='ltr'><strong>aut</strong></span> <span class='ocrx_word' id='word_1_155' title='bbox 1529 3525 1627 3591; x_wconf 91' lang='lat' dir='ltr'><strong>totius</strong></span> <span class='ocrx_word' id='word_1_156' title='bbox 1650 3524 1778 3608; x_wconf 85' lang='lat' dir='ltr'><strong>linguae</strong></span> 
     </span>
     <span class='ocr_line' id='line_1_16' title="bbox 394 3634 1779 3720; baseline 0.001 -23"><span class='ocrx_word' id='word_1_157' title='bbox 394 3634 528 3700; x_wconf 88' lang='lat' dir='ltr'><strong>Latinas</strong></span> <span class='ocrx_word' id='word_1_158' title='bbox 550 3641 607 3699; x_wconf 88' lang='lat' dir='ltr'><strong>aut</strong></span> <span class='ocrx_word' id='word_1_159' title='bbox 627 3636 730 3717; x_wconf 87' lang='lat' dir='ltr'><strong>partis</strong></span> <span class='ocrx_word' id='word_1_160' title='bbox 753 3636 821 3720; x_wconf 88' lang='lat' dir='ltr'><strong>ejus</strong></span> <span class='ocrx_word' id='word_1_161' title='bbox 844 3635 976 3719; x_wconf 87' lang='lat' dir='ltr'><strong>origine,</strong></span> <span class='ocrx_word' id='word_1_162' title='bbox 999 3637 1049 3702; x_wconf 85' lang='lat' dir='ltr'><strong>vel</strong></span> <span class='ocrx_word' id='word_1_163' title='bbox 1071 3637 1111 3702; x_wconf 91' lang='lat' dir='ltr'><strong>do</strong></span> <span class='ocrx_word' id='word_1_164' title='bbox 1132 3637 1272 3702; x_wconf 84' lang='lat' dir='ltr'><strong>mixtura</strong></span> <span class='ocrx_word' id='word_1_165' title='bbox 1298 3635 1440 3720; x_wconf 88' lang='lat' dir='ltr'><strong>quadam</strong></span> <span class='ocrx_word' id='word_1_166' title='bbox 1462 3635 1547 3700; x_wconf 88' lang='lat' dir='ltr'><strong>inter</strong></span> <span class='ocrx_word' id='word_1_167' title='bbox 1572 3634 1779 3718; x_wconf 89' lang='lat' dir='ltr'><strong>Pelasgorum</strong></span> 
     </span>
     <span class='ocr_line' id='line_1_17' title="bbox 398 3743 1779 3830; baseline -0.001 -19"><span class='ocrx_word' id='word_1_168' title='bbox 398 3751 430 3812; x_wconf 86' lang='lat' dir='ltr'><strong>et</strong></span> <span class='ocrx_word' id='word_1_169' title='bbox 451 3745 608 3809; x_wconf 82' lang='lat' dir='ltr'><strong>italorum</strong></span> <span class='ocrx_word' id='word_1_170' title='bbox 630 3745 774 3824; x_wconf 86' lang='lat' dir='ltr'><strong>inventa,</strong></span> <span class='ocrx_word' id='word_1_171' title='bbox 799 3747 849 3809; x_wconf 87' lang='lat' dir='ltr'><strong>vel</strong></span> <span class='ocrx_word' id='word_1_172' title='bbox 871 3747 910 3812; x_wconf 88' lang='lat' dir='ltr'><strong>de</strong></span> <span class='ocrx_word' id='word_1_173' title='bbox 933 3747 1072 3811; x_wconf 88' lang='lat' dir='ltr'><strong>dialecto</strong></span> <span class='ocrx_word' id='word_1_174' title='bbox 1095 3747 1237 3826; x_wconf 83' lang='lat' dir='ltr'><strong>Aeolica,</strong></span> <span class='ocrx_word' id='word_1_175' title='bbox 1267 3766 1351 3830; x_wconf 86' lang='lat' dir='ltr'><strong>quae</strong></span> <span class='ocrx_word' id='word_1_176' title='bbox 1374 3765 1471 3829; x_wconf 84' lang='lat' dir='ltr'><strong>quam</strong></span> <span class='ocrx_word' id='word_1_177' title='bbox 1493 3745 1583 3810; x_wconf 82' lang='lat' dir='ltr'><strong>varia</strong></span> <span class='ocrx_word' id='word_1_178' title='bbox 1603 3743 1703 3809; x_wconf 87' lang='lat' dir='ltr'><strong>fuerit</strong></span> <span class='ocrx_word' id='word_1_179' title='bbox 1723 3763 1779 3810; x_wconf 90' lang='lat' dir='ltr'><strong>no·</strong></span> 
     </span>
     <span class='ocr_line' id='line_1_18' title="bbox 396 3854 1781 3940; baseline 0 -20"><span class='ocrx_word' id='word_1_180' title='bbox 396 3863 466 3920; x_wconf 83' lang='lat' dir='ltr'><strong>stre</strong></span> <span class='ocrx_word' id='word_1_181' title='bbox 488 3855 617 3920; x_wconf 91' lang='lat' dir='ltr'><strong>demum</strong></span> <span class='ocrx_word' id='word_1_182' title='bbox 639 3855 792 3920; x_wconf 90' lang='lat' dir='ltr'><strong>memoria</strong></span> <span class='ocrx_word' id='word_1_183' title='bbox 815 3855 1073 3922; x_wconf 84' lang='lat' dir='ltr'><strong>demonstratum</strong></span> <span class='ocrx_word' id='word_1_184' title='bbox 1096 3862 1154 3936; x_wconf 89' lang='lat' dir='ltr'><strong>est,</strong></span> <span class='ocrx_word' id='word_1_185' title='bbox 1177 3857 1311 3921; x_wconf 86' lang='lat' dir='ltr'><strong>Latinae</strong></span> <span class='ocrx_word' id='word_1_186' title='bbox 1332 3857 1462 3940; x_wconf 88' lang='lat' dir='ltr'><strong>linguae</strong></span> <span class='ocrx_word' id='word_1_187' title='bbox 1484 3854 1647 3938; x_wconf 89' lang='lat' dir='ltr'><strong>genetrice</strong></span> <span class='ocrx_word' id='word_1_188' title='bbox 1670 3855 1781 3921; x_wconf 84' lang='lat' dir='ltr'><strong>credat</strong></span> 
     </span>
     <span class='ocr_line' id='line_1_19' title="bbox 396 3965 1780 4051; baseline -0.001 -19"><span class='ocrx_word' id='word_1_189' title='bbox 396 3987 433 4032; x_wconf 80' lang='lat' dir='ltr'><strong>ac</strong></span> <span class='ocrx_word' id='word_1_190' title='bbox 455 3966 523 4032; x_wconf 83' lang='lat' dir='ltr'><strong>fere</strong></span> <span class='ocrx_word' id='word_1_191' title='bbox 550 3966 694 4031; x_wconf 82' lang='lat' dir='ltr'><strong>noverit?</strong></span> <span class='ocrx_word' id='word_1_192' title='bbox 743 3966 833 4030; x_wconf 82' lang='lat' dir='ltr'><strong>Adeo</strong></span> <span class='ocrx_word' id='word_1_193' title='bbox 859 3965 920 4032; x_wconf 90' lang='lat' dir='ltr'><strong>hae</strong></span> <span class='ocrx_word' id='word_1_194' title='bbox 947 3968 1205 4051; x_wconf 83' lang='lat' dir='ltr'><strong>conjecturarum</strong></span> <span class='ocrx_word' id='word_1_195' title='bbox 1232 3966 1367 4032; x_wconf 87' lang='lat' dir='ltr'><strong>nebulae</strong></span> <span class='ocrx_word' id='word_1_196' title='bbox 1394 3967 1560 4050; x_wconf 85' lang='lat' dir='ltr'><strong>dispersas</strong></span> <span class='ocrx_word' id='word_1_197' title='bbox 1588 3971 1665 4030; x_wconf 87' lang='lat' dir='ltr'><strong>sunt</strong></span> <span class='ocrx_word' id='word_1_198' title='bbox 1691 3965 1780 4030; x_wconf 82' lang='lat' dir='ltr'><strong>clara</strong></span> 
     </span>
     <span class='ocr_line' id='line_1_20' title="bbox 300 4067 1781 4162; baseline 0 -22"><span class='ocrx_word' id='word_1_199' title='bbox 300 4079 307 4088; x_wconf 88' lang='lat'>&#39;</span> <span class='ocrx_word' id='word_1_200' title='bbox 396 4077 453 4142; x_wconf 83' lang='lat' dir='ltr'><strong>illa</strong></span> <span class='ocrx_word' id='word_1_201' title='bbox 473 4079 555 4158; x_wconf 87' lang='lat' dir='ltr'><strong>luce,</strong></span> <span class='ocrx_word' id='word_1_202' title='bbox 578 4097 661 4160; x_wconf 87' lang='lat' dir='ltr'><strong>quae</strong></span> <span class='ocrx_word' id='word_1_203' title='bbox 683 4097 722 4142; x_wconf 89' lang='lat' dir='ltr'><strong>ex</strong></span> <span class='ocrx_word' id='word_1_204' title='bbox 745 4076 868 4141; x_wconf 86' lang='lat' dir='ltr'><strong>oriente</strong></span> <span class='ocrx_word' id='word_1_205' title='bbox 891 4077 1007 4142; x_wconf 88' lang='lat' dir='ltr'><strong>studiis</strong></span> <span class='ocrx_word' id='word_1_206' title='bbox 1030 4077 1246 4162; x_wconf 86' lang='lat' dir='ltr'><strong>etymologicis</strong></span> <span class='ocrx_word' id='word_1_207' title='bbox 1269 4076 1399 4155; x_wconf 74' lang='lat' dir='ltr'><strong>affulsit,</strong></span> <span class='ocrx_word' id='word_1_208' title='bbox 1421 4080 1496 4159; x_wconf 88' lang='lat' dir='ltr'><strong>post</strong></span> <span class='ocrx_word' id='word_1_209' title='bbox 1519 4067 1681 4140; x_wconf 79' lang='lat' dir='ltr'><strong>divinandi</strong></span> <span class='ocrx_word' id='word_1_210' title='bbox 1696 4077 1781 4159; x_wconf 84' lang='lat' dir='ltr'><strong>peri-</strong></span> 
     </span>
     <span class='ocr_line' id='line_1_21' title="bbox 398 4184 1780 4270; baseline 0 -19"><span class='ocrx_word' id='word_1_211' title='bbox 398 4187 470 4251; x_wconf 89' lang='lat' dir='ltr'><strong>cula</strong></span> <span class='ocrx_word' id='word_1_212' title='bbox 492 4189 533 4252; x_wconf 86' lang='lat' dir='ltr'><strong>ad</strong></span> <span class='ocrx_word' id='word_1_213' title='bbox 555 4187 703 4254; x_wconf 89' lang='lat' dir='ltr'><strong>altiorem</strong></span> <span class='ocrx_word' id='word_1_214' title='bbox 726 4185 847 4252; x_wconf 90' lang='lat' dir='ltr'><strong>sciendi</strong></span> <span class='ocrx_word' id='word_1_215' title='bbox 869 4186 1002 4270; x_wconf 71' lang='lat' dir='ltr'><strong>gratim</strong></span> <span class='ocrx_word' id='word_1_216' title='bbox 1026 4187 1153 4253; x_wconf 82' lang='lat' dir='ltr'><strong>evectis.</strong></span> <span class='ocrx_word' id='word_1_217' title='bbox 1200 4187 1319 4253; x_wconf 84' lang='lat' dir='ltr'><strong>Verum</strong></span> <span class='ocrx_word' id='word_1_218' title='bbox 1344 4193 1382 4251; x_wconf 91' lang='lat' dir='ltr'><strong>ut</strong></span> <span class='ocrx_word' id='word_1_219' title='bbox 1407 4185 1445 4251; x_wconf 90' lang='lat' dir='ltr'><strong>fit</strong></span> <span class='ocrx_word' id='word_1_220' title='bbox 1466 4187 1500 4251; x_wconf 92' lang='lat' dir='ltr'><strong>in</strong></span> <span class='ocrx_word' id='word_1_221' title='bbox 1523 4185 1622 4251; x_wconf 88' lang='lat' dir='ltr'><strong>rebus</strong></span> <span class='ocrx_word' id='word_1_222' title='bbox 1645 4184 1780 4251; x_wconf 85' lang='lat' dir='ltr'><strong>difficili-</strong></span> 
     </span>
     <span class='ocr_line' id='line_1_22' title="bbox 398 4294 1852 4381; baseline 0.001 -21"><span class='ocrx_word' id='word_1_223' title='bbox 398 4295 460 4360; x_wconf 91' lang='lat' dir='ltr'><strong>bus</strong></span> <span class='ocrx_word' id='word_1_224' title='bbox 483 4302 515 4361; x_wconf 89' lang='lat' dir='ltr'><strong>et</strong></span> <span class='ocrx_word' id='word_1_225' title='bbox 536 4299 710 4376; x_wconf 78' lang='lat' dir='ltr'><strong>intricatio,</strong></span> <span class='ocrx_word' id='word_1_226' title='bbox 738 4295 822 4363; x_wconf 82' lang='lat' dir='ltr'><strong>falsa</strong></span> <span class='ocrx_word' id='word_1_227' title='bbox 844 4297 994 4380; x_wconf 85' lang='lat' dir='ltr'><strong>opinione</strong></span> <span class='ocrx_word' id='word_1_228' title='bbox 1016 4297 1150 4364; x_wconf 81' lang='lat' dir='ltr'><strong>feliciter</strong></span> <span class='ocrx_word' id='word_1_229' title='bbox 1173 4297 1305 4381; x_wconf 85' lang='lat' dir='ltr'><strong>expulsa</strong></span> <span class='ocrx_word' id='word_1_230' title='bbox 1326 4297 1484 4380; x_wconf 86' lang='lat' dir='ltr'><strong>firmoque</strong></span> <span class='ocrx_word' id='word_1_231' title='bbox 1506 4294 1647 4378; x_wconf 86' lang='lat' dir='ltr'><strong>quodam</strong></span> <span class='ocrx_word' id='word_1_232' title='bbox 1669 4295 1781 4363; x_wconf 87' lang='lat' dir='ltr'><strong>funda·</strong></span> <span class='ocrx_word' id='word_1_233' title='bbox 1849 4341 1852 4345; x_wconf 33' lang='grc' dir='ltr'><em>ι</em></span> 
     </span>
     <span class='ocr_line' id='line_1_23' title="bbox 398 4405 1781 4490; baseline 0.002 -21"><span class='ocrx_word' id='word_1_234' title='bbox 398 4411 507 4470; x_wconf 90' lang='lat' dir='ltr'><strong>mento</strong></span> <span class='ocrx_word' id='word_1_235' title='bbox 527 4407 626 4489; x_wconf 87' lang='lat' dir='ltr'><strong>jacto,</strong></span> <span class='ocrx_word' id='word_1_236' title='bbox 654 4429 755 4474; x_wconf 82' lang='lat' dir='ltr'><strong>novae</strong></span> <span class='ocrx_word' id='word_1_237' title='bbox 782 4407 892 4473; x_wconf 89' lang='lat' dir='ltr'><strong>statim</strong></span> <span class='ocrx_word' id='word_1_238' title='bbox 919 4407 1123 4490; x_wconf 85' lang='lat' dir='ltr'><strong>quaestiones</strong></span> <span class='ocrx_word' id='word_1_239' title='bbox 1150 4413 1184 4472; x_wconf 92' lang='lat' dir='ltr'><strong>et</strong></span> <span class='ocrx_word' id='word_1_240' title='bbox 1211 4408 1428 4473; x_wconf 88' lang='lat' dir='ltr'><strong>dubitationes</strong></span> <span class='ocrx_word' id='word_1_241' title='bbox 1456 4412 1546 4472; x_wconf 88' lang='lat' dir='ltr'><strong>ortae</strong></span> <span class='ocrx_word' id='word_1_242' title='bbox 1573 4411 1654 4470; x_wconf 83' lang='lat' dir='ltr'><strong>sunt</strong></span> <span class='ocrx_word' id='word_1_243' title='bbox 1699 4405 1781 4472; x_wconf 84' lang='lat' dir='ltr'><strong>Nam</strong></span> 
     </span>
     <span class='ocr_line' id='line_1_24' title="bbox 399 4509 1781 4604; baseline -0.004 -24"><span class='ocrx_word' id='word_1_244' title='bbox 399 4537 472 4580; x_wconf 88' lang='lat' dir='ltr'><strong>cum</strong></span> <span class='ocrx_word' id='word_1_245' title='bbox 495 4516 580 4599; x_wconf 92' lang='lat' dir='ltr'><strong>apud</strong></span> <span class='ocrx_word' id='word_1_246' title='bbox 603 4537 712 4584; x_wconf 89' lang='lat' dir='ltr'><strong>omnes</strong></span> <span class='ocrx_word' id='word_1_247' title='bbox 732 4521 800 4603; x_wconf 89' lang='lat' dir='ltr'><strong>jam</strong></span> <span class='ocrx_word' id='word_1_248' title='bbox 824 4525 986 4584; x_wconf 88' lang='lat' dir='ltr'><strong>constaret</strong></span> <span class='ocrx_word' id='word_1_249' title='bbox 1006 4520 1173 4604; x_wconf 85' lang='lat' dir='ltr'><strong>utriusque</strong></span> <span class='ocrx_word' id='word_1_250' title='bbox 1201 4519 1329 4602; x_wconf 88' lang='lat' dir='ltr'><strong>linguae</strong></span> <span class='ocrx_word' id='word_1_251' title='bbox 1355 4523 1504 4593; x_wconf 86' lang='lat' dir='ltr'><strong>matrem,</strong></span> <span class='ocrx_word' id='word_1_252' title='bbox 1532 4521 1570 4579; x_wconf 88' lang='lat' dir='ltr'><strong>ut</strong></span> <span class='ocrx_word' id='word_1_253' title='bbox 1594 4511 1642 4576; x_wconf 90' lang='lat' dir='ltr'><strong>ita</strong></span> <span class='ocrx_word' id='word_1_254' title='bbox 1668 4509 1781 4589; x_wconf 89' lang='lat' dir='ltr'><strong>dicam,</strong></span> 
     </span>
     <span class='ocr_line' id='line_1_25' title="bbox 401 4620 1783 4713; baseline -0.006 -22"><span class='ocrx_word' id='word_1_255' title='bbox 401 4647 472 4692; x_wconf 89' lang='lat' dir='ltr'><strong>eam</strong></span> <span class='ocrx_word' id='word_1_256' title='bbox 493 4625 607 4704; x_wconf 82' lang='lat' dir='ltr'><strong>fuisse,</strong></span> <span class='ocrx_word' id='word_1_257' title='bbox 634 4649 674 4692; x_wconf 83' lang='lat' dir='ltr'><strong>ex</strong></span> <span class='ocrx_word' id='word_1_258' title='bbox 697 4651 761 4713; x_wconf 84' lang='lat' dir='ltr'><strong>qua</strong></span> <span class='ocrx_word' id='word_1_259' title='bbox 783 4637 950 4712; x_wconf 85' lang='lat' dir='ltr'><strong>tamquam</strong></span> <span class='ocrx_word' id='word_1_260' title='bbox 973 4649 1013 4691; x_wconf 85' lang='lat' dir='ltr'><strong>ex</strong></span> <span class='ocrx_word' id='word_1_261' title='bbox 1035 4629 1193 4694; x_wconf 89' lang='lat' dir='ltr'><strong>communi</strong></span> <span class='ocrx_word' id='word_1_262' title='bbox 1216 4630 1316 4712; x_wconf 85' lang='lat' dir='ltr'><strong>stirpe</strong></span> <span class='ocrx_word' id='word_1_263' title='bbox 1337 4647 1460 4704; x_wconf 87' lang='lat' dir='ltr'><strong>omnes,</strong></span> <span class='ocrx_word' id='word_1_264' title='bbox 1487 4647 1567 4709; x_wconf 90' lang='lat' dir='ltr'><strong>quas</strong></span> <span class='ocrx_word' id='word_1_265' title='bbox 1588 4641 1672 4687; x_wconf 89' lang='lat' dir='ltr'><strong>nuno</strong></span> <span class='ocrx_word' id='word_1_266' title='bbox 1693 4620 1783 4685; x_wconf 91' lang='lat' dir='ltr'><strong>indo·</strong></span> 
     </span>
    </p>
   </div>
   <div class='ocr_carea' id='block_1_4' title="bbox 400 4733 1782 4889">
    <p class='ocr_par' dir='ltr' id='par_1_4' title="bbox 400 4733 1782 4889">
     <span class='ocr_line' id='line_1_26' title="bbox 400 4733 1782 4824; baseline -0.006 -20"><span class='ocrx_word' id='word_1_267' title='bbox 400 4736 600 4821; x_wconf 85' lang='lat' dir='ltr'><strong>germanicas</strong></span> <span class='ocrx_word' id='word_1_268' title='bbox 623 4737 769 4818; x_wconf 86' lang='lat' dir='ltr'><strong>dicimus,</strong></span> <span class='ocrx_word' id='word_1_269' title='bbox 801 4741 929 4824; x_wconf 89' lang='lat' dir='ltr'><strong>linguae</strong></span> <span class='ocrx_word' id='word_1_270' title='bbox 960 4745 1149 4822; x_wconf 85' lang='lat' dir='ltr'><strong>procreatae</strong></span> <span class='ocrx_word' id='word_1_271' title='bbox 1180 4746 1267 4816; x_wconf 88' lang='lat' dir='ltr'><strong>sunt,</strong></span> <span class='ocrx_word' id='word_1_272' title='bbox 1299 4738 1384 4822; x_wconf 91' lang='lat' dir='ltr'><strong>apud</strong></span> <span class='ocrx_word' id='word_1_273' title='bbox 1414 4736 1597 4821; x_wconf 88' lang='lat' dir='ltr'><strong>plerosque,</strong></span> <span class='ocrx_word' id='word_1_274' title='bbox 1628 4733 1782 4798; x_wconf 88' lang='lat' dir='ltr'><strong>artiorem</strong></span> 
     </span>
     <span class='ocr_line' id='line_1_27' title="bbox 1542 4837 1576 4889; baseline 0 -17"><span class='ocrx_word' id='word_1_275' title='bbox 1542 4844 1552 4889; x_wconf 83' lang='lat'>1</span> <span class='ocrx_word' id='word_1_276' title='bbox 1560 4837 1576 4872; x_wconf 62' lang='lat' dir='ltr'>ss</span> 
     </span>
    </p>
   </div>
   <div class='ocr_carea' id='block_1_5' title="bbox 0 0 2288 5892">
    <p class='ocr_par' dir='ltr' id='par_1_5' title="bbox 0 0 2288 5892">
     <span class='ocr_line' id='line_1_28' title="bbox 0 0 2288 5892; baseline 0 0"><span class='ocrx_word' id='word_1_277' title='bbox 0 0 2288 5892; x_wconf 95' lang='lat' dir='ltr'><strong> </strong></span> 
     </span>
    </p>
   </div>
  </div>
 </body>
</html>
