4444 5866
983 542 1184 556 μ-

226 657 357 754 ltaque
392 652 602 753 quaeritur,
630 678 721 728 num
747 678 845 747 osso,
873 653 1008 749 fano,
1043 650 1222 728 lilsersssso
1249 651 1453 752 quidquam
1478 653 1641 729 habeant
1666 679 1752 730 oum
1772 655 1947 755 perieotis

226 812 446 882 commune,
473 789 536 863 vei
561 797 687 864 unum
713 787 861 894 soranae
880 780 1002 862 'futuri
1028 788 1150 864 exacti
1177 810 1261 860 esse
1286 788 1477 886 possint
1503 812 1636 866 neone.
1681 791 1776 868 Nam
1801 791 1833 865 si
1858 815 1947 890 pos·

224 934 313 1028 'sunt
340 949 446 1018 esse,
484 923 664 1022 qnoniam
690 923 907 1025 significatio
931 921 1042 1021 piane
1069 933 1126 996 est
1150 921 1264 995 futuri
1297 923 1444 1018 exacti,
1478 923 1580 999 nulia
1614 949 1724 1002 nausa
1752 926 1848 1020 erit,
1882 949 1949 1000 our

228 1085 320 1135 vere
346 1060 470 1135 futura
497 1069 629 1134 exaota
655 1083 740 1133 esse
766 1059 991 1132 dubitamus.

380 1195 466 1271 lam
493 1219 585 1268 vero
612 1193 839 1294 Madvigius,
866 1192 904 1264 id
931 1192 1032 1290 quod
1058 1190 1246 1294 jamenta
1273 1217 1362 1266 eum
1388 1193 1553 1293 Boppius
1586 1195 1765 1270 docuerat
1790 1195 1948 1293 (Coniu-

227 1327 511 1427 gntionssyslem
536 1353 570 1426 p.
597 1328 668 1419 98,
695 1325 741 1401 oi.
768 1323 939 1428 ejusdem
965 1337 1160 1426 grammat.
1189 1338 1392 1426 comparat.
1419 1356 1455 1428 p.
1480 1330 1577 1422 917,
1612 1329 1787 1431 Madvigii
1822 1353 1949 1429 opusc.

231 1465 292 1538 alt.
317 1489 353 1562 p.
379 1467 429 1538 80
455 1468 593 1554 annot.)
634 1463 798 1555 consuit,
836 1462 1013 1536 Latinum
1046 1489 1125 1536 axo
1162 1463 1260 1536 haud
1293 1463 1419 1557 aliter,
1457 1489 1570 1562 quam
1606 1463 1793 1540 Graeoum
1827 1464 1897 1553 ἄξω
1930 1490 1951 1538 a

232 1607 430 1695 pmmente
463 1621 539 1690 ogo
572 1595 776 1670 formatum
805 1617 900 1670 osso.
970 1597 1206 1670 liermasune
1239 1605 1369 1670 nonna
1402 1605 1567 1692 monuit,
1614 1621 1700 1673 eam
1735 1599 1952 1698 opinionem

232 1732 272 1804 in
297 1731 424 1805 vorbis
450 1728 582 1802 tertiae
606 1727 772 1825 quidem,
801 1751 898 1826 quae
924 1739 1091 1822 voeatur,
1120 1727 1388 1831 conjugationis
1414 1729 1578 1830 aliquam
1603 1731 1746 1807 namra
1769 1734 1851 1808 veri
1866 1757 1953 1832 spo-

235 1866 346 1959 oiam,
372 1866 439 1938 sed
465 1864 504 1936 in
531 1864 688 1958 boum,
715 1862 893 1938 liberasso
919 1864 1062 1960 duplex
1086 1887 1105 1937 a
1130 1863 1197 1938 vix
1210 1863 1329 1958 aliter,
1357 1887 1471 1964 qnam
1496 1889 1540 1976 oe
1565 1865 1708 1962 syllaba
1733 1866 1773 1940 in
1797 1869 1955 1942 modum

238 2002 392 2089 inrasae,
417 2001 595 2073 levassem
620 1998 830 2072 formarum
857 1999 949 2071 elisa
975 1997 1154 2095 expiiosri
1180 2021 1301 2094 posse.
1352 1997 1574 2071 Permimm'
1590 1997 1693 2074 enim
1717 1999 1816 2074 haud
1843 1999 1956 2074 dubie

237 2139 350 2228 soret,
372 2135 409 2208 si
437 2135 617 2208 lmen
642 2141 680 2208 et
706 2132 882 2206 nomm
906 2155 1059 2230 prorsas
1086 2142 1211 2206 essent
1236 2135 1406 2208 diversae
1432 2133 1596 2234 originis.
1650 2135 1726 2210 Neo
1744 2135 1863 2233 possit
1879 2135 1955 2208 nlla

232 2267 441 2366 probabilis
468 2269 562 2342 ratio
587 2265 761 2360 inveniri,
788 2273 943 2364 propter
969 2289 1083 2363 quern
1106 2291 1126 2341 s
1151 2267 1377 2366 duplicatum
1402 2268 1460 2346 eit.
1511 2269 1605 2346 Nem
1637 2269 1778 2369 siquis
1811 2271 1859 2344 ed
1883 2269 1956 2344 iin-

240 2425 352 2504 guam
378 2402 607 2477 &asarinus
633 2401 837 2501 noningere
861 2399 966 2492 soiit,
993 2401 1148 2498 praebet
1174 2424 1219 2476 ee
1245 2425 1335 2476 sane
1361 2402 1663 2478 terminationem
1687 2400 1825 2500 sibrei,
1858 2406 1958 2479 unde

239 2537 432 2630 similiter,
468 2545 579 2634 atquo
611 2535 653 2608 in
679 2535 826 2610 Graooo
858 2545 1083 2633 μαχέσσομαι
1115 2545 1199 2634 (pro
1224 2537 1454 2632 μαχεσίομαι)
1487 2545 1629 2611 mutato
1657 2537 1740 2630 iio
1765 2565 1784 2612 s
1814 2537 1957 2637 duplex

239 2673 396 2746 adbiians
426 2671 464 2744 in
496 2671 677 2744 liberasso
708 2693 779 2767 pro
812 2669 987 2764 liberatio
1021 2668 1111 2744 oriri
1145 2667 1281 2766 possit3
1314 2679 1494 2767 atquem
1519 2670 1665 2743 nulium
1690 2667 1801 2772 hujus
1823 2676 1842 2765 i
1867 2697 1958 2746 oon-

243 2831 361 2881 sonae
386 2806 583 2905 vestigium
608 2804 647 2877 in
672 2803 799 2878 laturo
824 2804 938 2877 latino
965 2801 1207 2894 remanserit,
1230 2801 1356 2900 sitque
1387 2826 1433 2878 oa
1466 2803 1588 2877 littera
1620 2805 1715 2881 adeo
1748 2805 1864 2907 fugax
1890 2807 1958 2879 eii-
2019 2817 2024 2820 ’

242 2964 365 3039 suque
385 2939 517 3032 iaoiiis,
534 2949 575 3014 nt
599 2939 659 3013 vei
683 2939 723 3011 in
748 2937 1007 3012 sennbuimis
1033 2935 1184 3034 hymnis
1203 2935 1352 3010 Vediois
1375 2961 1446 3034 pro
1461 2934 1589 3032 sp'bssi,
1615 2937 1958 3016 sabasiinseniatur:

244 3099 380 3174 parum
405 3075 486 3149 veri
513 3073 634 3148 simile
659 3083 718 3147 est
738 3073 782 3148 in
807 3072 932 3146 forma
960 3073 1072 3148 iatine
1098 3069 1269 3167 adeoquo
1302 3069 1486 3164 derivata,
1520 3073 1644 3170 qualis
1676 3084 1733 3148 est
1766 3074 1958 3167 liberasso,

247 3211 343 3284 ullas
366 3205 449 3313 ejus
473 3219 642 3284 servatas
669 3229 754 3283 esse
780 3207 966 3306 reliquias.
1020 3207 1130 3310 Quod
1155 3229 1249 3279 vero
1275 3206 1407 3279 attinet
1437 3207 1483 3280 ad
1521 3209 1701 3304 masis,
1725 3211 1960 3308 proisibesrit,

249 3345 398 3438 susas,
425 3369 448 3418 a
473 3343 600 3418 vorbis
624 3345 665 3415 in
689 3369 734 3418 eo
765 3343 946 3436 formata,
978 3365 1057 3416 non
1081 3363 1234 3439 possum
1261 3342 1478 3416 Hermanno
1510 3343 1701 3438 assentiri,
1734 3347 1799 3444 qni
1831 3369 1877 3422 oa
1911 3372 1962 3420 ex

249 3479 433 3570 babuerit,
458 3477 701 3576 prohibuerit,
728 3475 871 3552 omno
895 3487 976 3552 orta
1000 3499 1087 3550 esso
1112 3474 1212 3550 dioit.
1254 3473 1422 3568 ,‚Nam,“
1446 3475 1583 3574 inquit,
1612 3501 1757 3577 „qaum
1781 3503 1859 3554 no„
1891 3483 1963 3556 ιω.

249 3611 381 3706 bsieso,
416 3609 610 3688 bahurim
642 3609 709 3686 sed
740 3607 922 3702 hlabsteso,
958 3605 1151 3684 bbbssasim
1181 3609 1483 3708 pronuntiarent,
1517 3635 1595 3686 non
1629 3614 1749 3712 potuit
1779 3615 1891 3720 abjici
1923 3642 1962 3710 u,

251 3749 354 3849 qnod
380 3771 450 3846 pro
475 3747 663 3820 silletum
690 3757 783 3838 eret,
810 3745 877 3818 sed
903 3743 1041 3818 extrito
1074 3751 1255 3842 sequente
1280 3771 1301 3819 e
1325 3747 1530 3822 menotio
1561 3748 1758 3826 indioanda
1789 3764 1868 3827 aret
1890 3756 1963 3827 du·

251 3883 452 3984 piioatione
476 3881 619 3955 litterae
645 3877 869 3952 sibilantis.“
920 3878 1015 3951 Nam
1041 3885 1082 3952 ut
1105 3889 1302 3955 aooontnm
1332 3883 1647 3979 praetermittam,
1681 3885 1730 3958 da
1762 3911 1838 3983 quo
1870 3911 1962 3963 oon-

251 4018 407 4093 ferenda
433 4025 531 4108 sunt,
558 4037 654 4112 quae
680 4014 781 4088 idem
807 4014 864 4086 vir
890 4013 1117 4088 olarissimns
1143 4012 1182 4086 in
1206 4013 1404 4089 elementis
1429 4016 1620 4092 dnmr'meo
1645 4019 1823 4094 metricae
1847 4047 1885 4119 p.
1913 4023 1965 4097 at

253 4153 442 4247 disseruit,
465 4150 629 4249 primurn
655 4171 733 4222 non
758 4149 905 4222 uidetur
929 4161 1031 4222 reete
1056 4150 1148 4222 iilud
1172 4149 1409 4225 stillatum
1433 4160 1604 4246 vocasse,
1632 4177 1748 4252 quum
1773 4155 1898 4252 potins
1922 4161 1968 4234 ui

253 4311 306 4362 ex
329 4287 405 4385 sui
434 4300 558 4362 ortam
590 4286 655 4376 sit,
690 4281 738 4357 oi.
773 4283 906 4379 iioppii
937 4305 1253 4383 gramm..,oomp.
1286 4286 1428 4381 1³:804
1459 4282 1615 4388 ejusque
1648 4285 1733 4360 iibri
1768 4307 1965 4366 censuram

255 4445 379 4498 meam
400 4422 438 4494 in
465 4421 581 4494 diario
607 4415 833 4515 antiqtritatis
858 4419 1066 4492 studiorum
1094 4416 1283 4492 18431t0.
1313 4419 1386 4492 110
1409 4444 1445 4517 p.
1469 4421 1568 4508 8783
1595 4419 1731 4494 deinde
1756 4445 1822 4498 our
1848 4425 1964 4499 elida-

255 4573 315 4630 tur
339 4555 559 4652 litteraeque
580 4551 782 4643 sibiinntis,
802 4607 805 4620 ,
823 4577 920 4650 quae
945 4563 1032 4651 post
1055 4553 1316 4650 interpositum
1341 4579 1363 4626 e
1385 4553 1573 4651 sequitur,
1600 4555 1850 4654 duplicatione
1875 4585 1963 4656 sup-

255 4690 412 4786 pleatur,
429 4685 617 4762 suiiioiens
641 4707 752 4762 eausa
776 4711 855 4760 non
883 4686 1028 4762 videtin
1054 4709 1161 4780 esse,
1188 4707 1311 4786 noque
1337 4689 1512 4786 exempla
1536 4691 1671 4765 similis
1697 4691 1752 4767 roi
1777 4701 1840 4768 aut
1864 4695 1962 4791 apud

254 4824 411 4900 Lebnos
438 4833 501 4896 aut
526 4822 564 4896 io
591 4821 667 4895 ulia
691 4819 763 4894 alia
789 4821 910 4922 lingua
936 4819 1056 4895 iaotao
1089 4821 1250 4898 inveniri
1276 4822 1464 4901 existimo.
1516 4825 1637 4902 immo
1669 4829 1964 4927 antiquissimam

251 4959 414 5036 formam
445 4957 601 5058 parienti
634 4957 784 5031 illorum
826 4955 1032 5066 sorborum
1075 4977 1158 5034 eam
1197 4979 1294 5057 quae
1331 4957 1371 5032 in
1409 4959 1533 5033 dolori
1572 4961 1798 5059 conspiritur
1854 4960 1968 5037 inissa
