<?xml version="1.0" encoding="UTF-8"?>
<!DOCTYPE html PUBLIC "-//W3C//DTD XHTML 1.0 Transitional//EN"
    "http://www.w3.org/TR/xhtml1/DTD/xhtml1-transitional.dtd">
<html xmlns="http://www.w3.org/1999/xhtml" xml:lang="en" lang="en">
 <head>
  <title>
</title>
<meta http-equiv="Content-Type" content="text/html;charset=utf-8" />
  <meta name='ocr-system' content='tesseract 3.04.00' />
  <meta name='ocr-capabilities' content='ocr_page ocr_carea ocr_par ocr_line ocrx_word'/>
</head>
<body>
  <div class='ocr_page' id='page_1' title='image "./denominumgraeco00curtgoog_0205.png"; bbox 0 0 4520 5896; ppageno 0'>
   <div class='ocr_carea' id='block_1_1' title="bbox 1078 735 1513 804">
    <p class='ocr_par' dir='ltr' id='par_1_1' title="bbox 1078 735 1513 804">
     <span class='ocr_line' id='line_1_1' title="bbox 1078 735 1513 804; baseline 0.011 -34"><span class='ocrx_word' id='word_1_1' title='bbox 1078 767 1229 772; x_wconf 46' lang='lat' dir='ltr'><strong>..w</strong></span> <span class='ocrx_word' id='word_1_2' title='bbox 1285 735 1305 804; x_wconf 72' lang='grc'>6</span> <span class='ocrx_word' id='word_1_3' title='bbox 1360 767 1513 774; x_wconf 72' lang='grc'><strong>.-</strong></span> 
     </span>
    </p>
   </div>
   <div class='ocr_carea' id='block_1_2' title="bbox 597 891 1984 1136">
    <p class='ocr_par' dir='ltr' id='par_1_2' title="bbox 597 891 1984 1136">
     <span class='ocr_line' id='line_1_2' title="bbox 597 891 1984 1018; baseline 0 -20"><span class='ocrx_word' id='word_1_4' title='bbox 597 935 649 998; x_wconf 92' lang='lat' dir='ltr'><strong>sit.</strong></span> <span class='ocrx_word' id='word_1_5' title='bbox 691 931 765 996; x_wconf 81' lang='lat' dir='ltr'><strong>dam</strong></span> <span class='ocrx_word' id='word_1_6' title='bbox 788 925 907 1018; x_wconf 72' lang='grc' dir='ltr'><strong><em>ἑάφθη</em></strong></span> <span class='ocrx_word' id='word_1_7' title='bbox 930 934 1100 1015; x_wconf 84' lang='lat' dir='ltr'>quominus</span> <span class='ocrx_word' id='word_1_8' title='bbox 1128 933 1169 1000; x_wconf 92' lang='lat' dir='ltr'><strong>ab</strong></span> <span class='ocrx_word' id='word_1_9' title='bbox 1192 927 1289 998; x_wconf 89' lang='grc' dir='ltr'><strong><em>ἅπτω</em></strong></span> <span class='ocrx_word' id='word_1_10' title='bbox 1318 933 1497 1000; x_wconf 75' lang='lat' dir='ltr'>deducatur</span> <span class='ocrx_word' id='word_1_11' title='bbox 1522 891 1631 1000; x_wconf 83' lang='lat' dir='ltr'><strong>obstat</strong></span> <span class='ocrx_word' id='word_1_12' title='bbox 1657 933 1793 1017; x_wconf 89' lang='lat' dir='ltr'><strong>primum</strong></span> <span class='ocrx_word' id='word_1_13' title='bbox 1821 935 1984 1016; x_wconf 75' lang='lat' dir='ltr'><strong>augmenti</strong></span> 
     </span>
     <span class='ocr_line' id='line_1_3' title="bbox 598 1050 1983 1136; baseline 0 -18"><span class='ocrx_word' id='word_1_14' title='bbox 598 1053 690 1120; x_wconf 89' lang='lat' dir='ltr'><strong>ratio.</strong></span> <span class='ocrx_word' id='word_1_15' title='bbox 724 1050 818 1130; x_wconf 87' lang='lat' dir='ltr'><strong>Quod</strong></span> <span class='ocrx_word' id='word_1_16' title='bbox 833 1051 917 1116; x_wconf 88' lang='lat' dir='ltr'><strong>enim</strong></span> <span class='ocrx_word' id='word_1_17' title='bbox 932 1051 1147 1118; x_wconf 88' lang='lat' dir='ltr'><strong>Buttmannus</strong></span> <span class='ocrx_word' id='word_1_18' title='bbox 1163 1054 1297 1136; x_wconf 84' lang='lat' dir='ltr'><strong>putavit,</strong></span> <span class='ocrx_word' id='word_1_19' title='bbox 1316 1053 1454 1118; x_wconf 87' lang='lat' dir='ltr'><strong>fortasse</strong></span> <span class='ocrx_word' id='word_1_20' title='bbox 1469 1052 1567 1118; x_wconf 85' lang='lat' dir='ltr'><strong>etiam</strong></span> <span class='ocrx_word' id='word_1_21' title='bbox 1581 1052 1665 1118; x_wconf 89' lang='lat' dir='ltr'><strong>banc</strong></span> <span class='ocrx_word' id='word_1_22' title='bbox 1678 1071 1787 1118; x_wconf 86' lang='lat' dir='ltr'><strong>vocem</strong></span> <span class='ocrx_word' id='word_1_23' title='bbox 1808 1051 1983 1136; x_wconf 87' lang='lat' dir='ltr'><strong>aliquando</strong></span> 
     </span>
    </p>
   </div>
   <div class='ocr_carea' id='block_1_3' title="bbox 487 1169 1981 1256">
    <p class='ocr_par' dir='ltr' id='par_1_3' title="bbox 487 1169 1981 1256">
     <span class='ocr_line' id='line_1_4' title="bbox 487 1169 1981 1256; baseline 0.001 -19"><span class='ocrx_word' id='word_1_24' title='bbox 487 1248 491 1256; x_wconf 23' lang='grc' dir='ltr'>ἱ</span> <span class='ocrx_word' id='word_1_25' title='bbox 599 1174 624 1237; x_wconf 83' lang='lat' dir='ltr'>F</span> <span class='ocrx_word' id='word_1_26' title='bbox 647 1172 806 1245; x_wconf 79' lang='lat' dir='ltr'><strong>habuisse,</strong></span> <span class='ocrx_word' id='word_1_27' title='bbox 830 1191 947 1254; x_wconf 88' lang='lat' dir='ltr'><strong>parum</strong></span> <span class='ocrx_word' id='word_1_28' title='bbox 969 1172 1034 1236; x_wconf 83' lang='lat' dir='ltr'><strong>veri</strong></span> <span class='ocrx_word' id='word_1_29' title='bbox 1057 1171 1160 1237; x_wconf 88' lang='lat' dir='ltr'><strong>simile</strong></span> <span class='ocrx_word' id='word_1_30' title='bbox 1175 1178 1233 1252; x_wconf 88' lang='lat' dir='ltr'><strong>est,</strong></span> <span class='ocrx_word' id='word_1_31' title='bbox 1256 1193 1316 1238; x_wconf 92' lang='lat' dir='ltr'><strong>neo</strong></span> <span class='ocrx_word' id='word_1_32' title='bbox 1331 1172 1428 1238; x_wconf 86' lang='lat' dir='ltr'><strong>aliam</strong></span> <span class='ocrx_word' id='word_1_33' title='bbox 1444 1191 1619 1238; x_wconf 87' lang='lat' dir='ltr'><strong>consonam</strong></span> <span class='ocrx_word' id='word_1_34' title='bbox 1633 1172 1812 1254; x_wconf 90' lang='lat' dir='ltr'><strong>antiquitus</strong></span> <span class='ocrx_word' id='word_1_35' title='bbox 1828 1171 1861 1236; x_wconf 89' lang='lat' dir='ltr'><strong>in</strong></span> <span class='ocrx_word' id='word_1_36' title='bbox 1875 1169 1981 1238; x_wconf 86' lang='lat' dir='ltr'><strong>fronte</strong></span> 
     </span>
    </p>
   </div>
   <div class='ocr_carea' id='block_1_4' title="bbox 596 1277 1985 1854">
    <p class='ocr_par' dir='ltr' id='par_1_4' title="bbox 596 1277 1985 1854">
     <span class='ocr_line' id='line_1_5' title="bbox 598 1277 1985 1375; baseline -0.001 -19"><span class='ocrx_word' id='word_1_37' title='bbox 598 1291 694 1375; x_wconf 87' lang='lat' dir='ltr'><strong>hujus</strong></span> <span class='ocrx_word' id='word_1_38' title='bbox 728 1289 818 1355; x_wconf 88' lang='lat' dir='ltr'><strong>verbi</strong></span> <span class='ocrx_word' id='word_1_39' title='bbox 847 1289 945 1355; x_wconf 85' lang='lat' dir='ltr'><strong>fuisse</strong></span> <span class='ocrx_word' id='word_1_40' title='bbox 977 1291 1145 1375; x_wconf 87' lang='lat' dir='ltr'><strong>quisquam</strong></span> <span class='ocrx_word' id='word_1_41' title='bbox 1176 1277 1422 1357; x_wconf 76' lang='lat' dir='ltr'><strong>demonstrabit.</strong></span> <span class='ocrx_word' id='word_1_42' title='bbox 1472 1291 1574 1354; x_wconf 89' lang='lat' dir='ltr'><strong>Immo</strong></span> <span class='ocrx_word' id='word_1_43' title='bbox 1603 1290 1672 1357; x_wconf 86' lang='lat' dir='ltr'><strong>veri</strong></span> <span class='ocrx_word' id='word_1_44' title='bbox 1702 1289 1899 1358; x_wconf 89' lang='lat' dir='ltr'><strong>simillimum</strong></span> <span class='ocrx_word' id='word_1_45' title='bbox 1934 1296 1985 1356; x_wconf 88' lang='lat' dir='ltr'><strong>est</strong></span> 
     </span>
     <span class='ocr_line' id='line_1_6' title="bbox 596 1405 1985 1496; baseline -0.001 -20"><span class='ocrx_word' id='word_1_46' title='bbox 596 1405 717 1476; x_wconf 79' lang='grc' dir='ltr'><strong><em>ἅπτειν</em></strong></span> <span class='ocrx_word' id='word_1_47' title='bbox 738 1409 779 1474; x_wconf 90' lang='lat' dir='ltr'><strong>ab</strong></span> <span class='ocrx_word' id='word_1_48' title='bbox 803 1409 915 1474; x_wconf 90' lang='lat' dir='ltr'><strong>eadem</strong></span> <span class='ocrx_word' id='word_1_49' title='bbox 940 1408 1050 1474; x_wconf 92' lang='lat' dir='ltr'><strong>radice</strong></span> <span class='ocrx_word' id='word_1_50' title='bbox 1073 1409 1223 1490; x_wconf 84' lang='lat' dir='ltr'><strong>derivari,</strong></span> <span class='ocrx_word' id='word_1_51' title='bbox 1247 1430 1331 1494; x_wconf 88' lang='lat' dir='ltr'><strong>quae</strong></span> <span class='ocrx_word' id='word_1_52' title='bbox 1353 1409 1462 1475; x_wconf 90' lang='lat' dir='ltr'><strong>latinis</strong></span> <span class='ocrx_word' id='word_1_53' title='bbox 1482 1407 1647 1476; x_wconf 84' lang='lat' dir='ltr'><strong>vocabulis</strong></span> <span class='ocrx_word' id='word_1_54' title='bbox 1671 1433 1769 1494; x_wconf 82' lang='lat' dir='ltr'><strong>apere,</strong></span> <span class='ocrx_word' id='word_1_55' title='bbox 1790 1421 1885 1495; x_wconf 74' lang='lat' dir='ltr'><strong>apuu,</strong></span> <span class='ocrx_word' id='word_1_56' title='bbox 1908 1433 1985 1496; x_wconf 75' lang='lat' dir='ltr'><strong>apae</strong></span> 
     </span>
     <span class='ocr_line' id='line_1_7' title="bbox 598 1527 1984 1614; baseline -0.001 -20"><span class='ocrx_word' id='word_1_57' title='bbox 598 1530 767 1614; x_wconf 87' lang='lat' dir='ltr'><strong>supposita</strong></span> <span class='ocrx_word' id='word_1_58' title='bbox 788 1533 844 1594; x_wconf 88' lang='lat' dir='ltr'><strong>est.</strong></span> <span class='ocrx_word' id='word_1_59' title='bbox 884 1527 937 1593; x_wconf 85' lang='lat' dir='ltr'><strong>Sic</strong></span> <span class='ocrx_word' id='word_1_60' title='bbox 958 1528 1084 1594; x_wconf 88' lang='lat' dir='ltr'><strong>Pettius</strong></span> <span class='ocrx_word' id='word_1_61' title='bbox 1102 1529 1260 1613; x_wconf 85' lang='lat' dir='ltr'><strong>judicavit</strong></span> <span class='ocrx_word' id='word_1_62' title='bbox 1282 1529 1338 1613; x_wconf 84' lang='lat' dir='ltr'><strong>(Et</strong></span> <span class='ocrx_word' id='word_1_63' title='bbox 1357 1528 1487 1595; x_wconf 86' lang='lat' dir='ltr'><strong>Forseh.</strong></span> <span class='ocrx_word' id='word_1_64' title='bbox 1510 1529 1541 1594; x_wconf 85' lang='lat'><strong>1¹</strong></span> <span class='ocrx_word' id='word_1_65' title='bbox 1570 1527 1656 1614; x_wconf 79' lang='lat'>256),</span> <span class='ocrx_word' id='word_1_66' title='bbox 1678 1534 1711 1594; x_wconf 88' lang='lat' dir='ltr'><strong>et</strong></span> <span class='ocrx_word' id='word_1_67' title='bbox 1732 1547 1835 1612; x_wconf 88' lang='lat' dir='ltr'><strong>nuper</strong></span> <span class='ocrx_word' id='word_1_68' title='bbox 1856 1527 1984 1594; x_wconf 87' lang='lat' dir='ltr'><strong>Fiekius</strong></span> 
     </span>
     <span class='ocr_line' id='line_1_8' title="bbox 597 1646 1984 1734; baseline 0 -20"><span class='ocrx_word' id='word_1_69' title='bbox 597 1649 790 1734; x_wconf 74' lang='lat' dir='ltr'><strong>(Indcgcrm.</strong></span> <span class='ocrx_word' id='word_1_70' title='bbox 815 1646 973 1712; x_wconf 82' lang='lat' dir='ltr'><strong>Wdrterb.</strong></span> <span class='ocrx_word' id='word_1_71' title='bbox 999 1648 1014 1686; x_wconf 81' lang='lat'>²</span> <span class='ocrx_word' id='word_1_72' title='bbox 1039 1648 1126 1734; x_wconf 78' lang='lat'>425).</span> <span class='ocrx_word' id='word_1_73' title='bbox 1171 1648 1275 1732; x_wconf 89' lang='lat' dir='ltr'><strong>Hujus</strong></span> <span class='ocrx_word' id='word_1_74' title='bbox 1304 1649 1387 1714; x_wconf 88' lang='lat' dir='ltr'><strong>enim</strong></span> <span class='ocrx_word' id='word_1_75' title='bbox 1418 1648 1535 1714; x_wconf 83' lang='lat' dir='ltr'><strong>radicis</strong></span> <span class='ocrx_word' id='word_1_76' title='bbox 1563 1673 1603 1734; x_wconf 84' lang='lat' dir='ltr'><strong>ap</strong></span> <span class='ocrx_word' id='word_1_77' title='bbox 1633 1648 1839 1730; x_wconf 78' lang='lat' dir='ltr'><strong>propriario</strong></span> <span class='ocrx_word' id='word_1_78' title='bbox 1868 1654 1902 1714; x_wconf 88' lang='lat' dir='ltr'><strong>et</strong></span> <span class='ocrx_word' id='word_1_79' title='bbox 1928 1669 1984 1731; x_wconf 93' lang='lat' dir='ltr'><strong>po·</strong></span> 
     </span>
     <span class='ocr_line' id='line_1_9' title="bbox 597 1766 1982 1854; baseline -0.001 -21"><span class='ocrx_word' id='word_1_80' title='bbox 597 1774 699 1834; x_wconf 88' lang='lat' dir='ltr'><strong>testas</strong></span> <span class='ocrx_word' id='word_1_81' title='bbox 729 1766 817 1831; x_wconf 91' lang='lat' dir='ltr'><strong>haud</strong></span> <span class='ocrx_word' id='word_1_82' title='bbox 847 1766 944 1832; x_wconf 90' lang='lat' dir='ltr'><strong>dubie</strong></span> <span class='ocrx_word' id='word_1_83' title='bbox 969 1767 1126 1833; x_wconf 84' lang='lat' dir='ltr'><strong>vinciendi</strong></span> <span class='ocrx_word' id='word_1_84' title='bbox 1149 1767 1198 1833; x_wconf 86' lang='lat' dir='ltr'><strong>vel</strong></span> <span class='ocrx_word' id='word_1_85' title='bbox 1224 1767 1375 1834; x_wconf 87' lang='lat' dir='ltr'><strong>nectendi</strong></span> <span class='ocrx_word' id='word_1_86' title='bbox 1405 1767 1474 1834; x_wconf 84' lang='lat' dir='ltr'><strong>luit</strong></span> <span class='ocrx_word' id='word_1_87' title='bbox 1518 1767 1602 1834; x_wconf 86' lang='lat' dir='ltr'><strong>Nam</strong></span> <span class='ocrx_word' id='word_1_88' title='bbox 1624 1774 1741 1854; x_wconf 69' lang='grc' dir='ltr'><strong><em>ἀρετά,</em></strong></span> <span class='ocrx_word' id='word_1_89' title='bbox 1764 1766 1842 1832; x_wconf 89' lang='lat' dir='ltr'><strong>dicit</strong></span> <span class='ocrx_word' id='word_1_90' title='bbox 1862 1766 1982 1834; x_wconf 89' lang='lat' dir='ltr'><strong>Paulus</strong></span> 
     </span>
    </p>
   </div>
   <div class='ocr_carea' id='block_1_5' title="bbox 494 1884 1984 1974">
    <p class='ocr_par' dir='ltr' id='par_1_5' title="bbox 494 1884 1984 1974">
     <span class='ocr_line' id='line_1_10' title="bbox 494 1884 1984 1974; baseline -0.002 -21"><span class='ocrx_word' id='word_1_91' title='bbox 494 1917 498 1926; x_wconf 92' lang='lat'>·</span> <span class='ocrx_word' id='word_1_92' title='bbox 598 1888 688 1953; x_wconf 80' lang='lat' dir='ltr'><strong>Festi</strong></span> <span class='ocrx_word' id='word_1_93' title='bbox 718 1885 913 1970; x_wconf 89' lang='lat' dir='ltr'><strong>epitomator</strong></span> <span class='ocrx_word' id='word_1_94' title='bbox 939 1909 970 1971; x_wconf 90' lang='lat' dir='ltr'><strong>p.</strong></span> <span class='ocrx_word' id='word_1_95' title='bbox 1001 1891 1053 1966; x_wconf 87' lang='lat'><strong>18,</strong></span> <span class='ocrx_word' id='word_1_96' title='bbox 1084 1892 1217 1952; x_wconf 82' lang='lat' dir='ltr'><strong>‘veteres</strong></span> <span class='ocrx_word' id='word_1_97' title='bbox 1248 1885 1399 1974; x_wconf 81' lang='lat' dir='ltr'><strong>dicebant</strong></span> <span class='ocrx_word' id='word_1_98' title='bbox 1425 1886 1693 1971; x_wconf 89' lang='lat' dir='ltr'><strong>comprehendere</strong></span> <span class='ocrx_word' id='word_1_99' title='bbox 1722 1885 1866 1952; x_wconf 71' lang='lat' dir='ltr'><strong>unomo’.</strong></span> <span class='ocrx_word' id='word_1_100' title='bbox 1917 1884 1984 1952; x_wconf 89' lang='lat' dir='ltr'><strong>Nec</strong></span> 
     </span>
    </p>
   </div>
   <div class='ocr_carea' id='block_1_6' title="bbox 591 2000 1988 4836">
    <p class='ocr_par' dir='ltr' id='par_1_6' title="bbox 591 2000 1988 4836">
     <span class='ocr_line' id='line_1_11' title="bbox 598 2000 1984 2090; baseline -0.001 -18"><span class='ocrx_word' id='word_1_101' title='bbox 598 2007 726 2072; x_wconf 85' lang='lat' dir='ltr'><strong>diversa</strong></span> <span class='ocrx_word' id='word_1_102' title='bbox 748 2011 798 2069; x_wconf 92' lang='lat' dir='ltr'><strong>est</strong></span> <span class='ocrx_word' id='word_1_103' title='bbox 824 2003 1015 2087; x_wconf 86' lang='lat' dir='ltr'><strong>significatio</strong></span> <span class='ocrx_word' id='word_1_104' title='bbox 1036 2006 1152 2072; x_wconf 84' lang='lat' dir='ltr'><strong>Graeci</strong></span> <span class='ocrx_word' id='word_1_105' title='bbox 1175 2000 1304 2085; x_wconf 84' lang='grc' dir='ltr'><strong><em>ἅπτειν,</em></strong></span> <span class='ocrx_word' id='word_1_106' title='bbox 1336 2026 1420 2090; x_wconf 86' lang='lat' dir='ltr'><strong>quae</strong></span> <span class='ocrx_word' id='word_1_107' title='bbox 1443 2026 1638 2090; x_wconf 89' lang='lat' dir='ltr'><strong>quamquam</strong></span> <span class='ocrx_word' id='word_1_108' title='bbox 1665 2004 1829 2088; x_wconf 89' lang='lat' dir='ltr'><strong>paululum</strong></span> <span class='ocrx_word' id='word_1_109' title='bbox 1851 2004 1984 2070; x_wconf 88' lang='lat' dir='ltr'><strong>inclina·</strong></span> 
     </span>
     <span class='ocr_line' id='line_1_12' title="bbox 598 2115 1984 2207; baseline -0.003 -15"><span class='ocrx_word' id='word_1_110' title='bbox 598 2133 653 2192; x_wconf 89' lang='lat' dir='ltr'><strong>tur</strong></span> <span class='ocrx_word' id='word_1_111' title='bbox 674 2127 707 2190; x_wconf 89' lang='lat' dir='ltr'><strong>in</strong></span> <span class='ocrx_word' id='word_1_112' title='bbox 729 2122 836 2188; x_wconf 88' lang='lat' dir='ltr'><strong>media</strong></span> <span class='ocrx_word' id='word_1_113' title='bbox 857 2143 934 2188; x_wconf 87' lang='lat' dir='ltr'><strong>voce</strong></span> <span class='ocrx_word' id='word_1_114' title='bbox 950 2121 1131 2203; x_wconf 71' lang='grc' dir='ltr'><strong><em>ἅπτεσθαι,</em></strong></span> <span class='ocrx_word' id='word_1_115' title='bbox 1146 2131 1295 2190; x_wconf 87' lang='lat' dir='ltr'><strong>servatur</strong></span> <span class='ocrx_word' id='word_1_116' title='bbox 1316 2125 1475 2191; x_wconf 89' lang='lat' dir='ltr'><strong>tamenin</strong></span> <span class='ocrx_word' id='word_1_117' title='bbox 1492 2123 1676 2207; x_wconf 91' lang='lat' dir='ltr'><strong>compositis</strong></span> <span class='ocrx_word' id='word_1_118' title='bbox 1693 2115 1862 2198; x_wconf 77' lang='grc' dir='ltr'><strong><em>ἀνάπτειν,</em></strong></span> <span class='ocrx_word' id='word_1_119' title='bbox 1884 2119 1984 2190; x_wconf 80' lang='grc' dir='ltr'><strong><em>ἐνάπ·</em></strong></span> 
     </span>
     <span class='ocr_line' id='line_1_13' title="bbox 599 2235 1983 2332; baseline -0.005 -21"><span class='ocrx_word' id='word_1_120' title='bbox 599 2269 675 2322; x_wconf 87' lang='grc' dir='ltr'><strong><em>τειν,</em></strong></span> <span class='ocrx_word' id='word_1_121' title='bbox 700 2237 914 2329; x_wconf 83' lang='grc' dir='ltr'><strong><em>προςάπτειν,</em></strong></span> <span class='ocrx_word' id='word_1_122' title='bbox 939 2238 1149 2332; x_wconf 78' lang='grc' dir='ltr'><strong><em>περιάπτειν,</em></strong></span> <span class='ocrx_word' id='word_1_123' title='bbox 1172 2241 1352 2310; x_wconf 79' lang='grc' dir='ltr'><strong><em>συνάπτειν</em></strong></span> <span class='ocrx_word' id='word_1_124' title='bbox 1374 2249 1407 2310; x_wconf 90' lang='lat' dir='ltr'><strong>et</strong></span> <span class='ocrx_word' id='word_1_125' title='bbox 1434 2245 1468 2310; x_wconf 90' lang='lat' dir='ltr'><strong>in</strong></span> <span class='ocrx_word' id='word_1_126' title='bbox 1495 2243 1707 2310; x_wconf 80' lang='lat' dir='ltr'><strong>substantivis</strong></span> <span class='ocrx_word' id='word_1_127' title='bbox 1730 2235 1816 2328; x_wconf 74' lang='grc' dir='ltr'><strong>ἁφή,</strong></span> <span class='ocrx_word' id='word_1_128' title='bbox 1841 2235 1983 2331; x_wconf 64' lang='lat' dir='ltr'><strong>aucupi),</strong></span> 
     </span>
     <span class='ocr_line' id='line_1_14' title="bbox 597 2356 1984 2450; baseline -0.001 -22"><span class='ocrx_word' id='word_1_129' title='bbox 597 2359 710 2444; x_wconf 89' lang='grc' dir='ltr'><strong><em>ἅμμα,</em></strong></span> <span class='ocrx_word' id='word_1_130' title='bbox 735 2356 834 2450; x_wconf 61' lang='lat' dir='ltr'><strong>dunig,</strong></span> <span class='ocrx_word' id='word_1_131' title='bbox 861 2384 944 2446; x_wconf 88' lang='lat' dir='ltr'><strong>quae</strong></span> <span class='ocrx_word' id='word_1_132' title='bbox 972 2383 1037 2428; x_wconf 90' lang='lat' dir='ltr'><strong>non</strong></span> <span class='ocrx_word' id='word_1_133' title='bbox 1065 2365 1201 2429; x_wconf 90' lang='lat' dir='ltr'><strong>multum</strong></span> <span class='ocrx_word' id='word_1_134' title='bbox 1227 2365 1413 2447; x_wconf 88' lang='lat' dir='ltr'><strong>discrepant</strong></span> <span class='ocrx_word' id='word_1_135' title='bbox 1439 2385 1459 2429; x_wconf 92' lang='lat' dir='ltr'><strong>a</strong></span> <span class='ocrx_word' id='word_1_136' title='bbox 1481 2363 1583 2428; x_wconf 88' lang='lat' dir='ltr'><strong>latino</strong></span> <span class='ocrx_word' id='word_1_137' title='bbox 1606 2365 1715 2450; x_wconf 79' lang='lat' dir='ltr'><strong>copula</strong></span> <span class='ocrx_word' id='word_1_138' title='bbox 1736 2361 1757 2427; x_wconf 92' lang='lat' dir='ltr'><strong>i.</strong></span> <span class='ocrx_word' id='word_1_139' title='bbox 1781 2381 1807 2426; x_wconf 93' lang='lat' dir='ltr'><strong>e.</strong></span> <span class='ocrx_word' id='word_1_140' title='bbox 1831 2363 1984 2448; x_wconf 71' lang='lat' dir='ltr'><strong>coep-ala</strong></span> 
     </span>
     <span class='ocr_line' id='line_1_15' title="bbox 596 2472 1984 2568; baseline 0 -22"><span class='ocrx_word' id='word_1_141' title='bbox 596 2483 648 2548; x_wconf 90' lang='lat' dir='ltr'><strong>vel</strong></span> <span class='ocrx_word' id='word_1_142' title='bbox 670 2484 822 2568; x_wconf 74' lang='lat' dir='ltr'><strong>coep-ala.</strong></span> <span class='ocrx_word' id='word_1_143' title='bbox 868 2482 946 2547; x_wconf 88' lang='lat' dir='ltr'><strong>Cum</strong></span> <span class='ocrx_word' id='word_1_144' title='bbox 969 2503 1084 2566; x_wconf 81' lang='lat' dir='ltr'><strong>graeco</strong></span> <span class='ocrx_word' id='word_1_145' title='bbox 1108 2479 1204 2565; x_wconf 86' lang='grc' dir='ltr'><strong><em>ἅμμα</em></strong></span> <span class='ocrx_word' id='word_1_146' title='bbox 1226 2483 1331 2566; x_wconf 83' lang='lat' dir='ltr'><strong>figura</strong></span> <span class='ocrx_word' id='word_1_147' title='bbox 1359 2472 1419 2549; x_wconf 86' lang='lat' dir='ltr'><strong>sua</strong></span> <span class='ocrx_word' id='word_1_148' title='bbox 1448 2482 1518 2548; x_wconf 84' lang='lat' dir='ltr'><strong>lere</strong></span> <span class='ocrx_word' id='word_1_149' title='bbox 1546 2481 1695 2565; x_wconf 83' lang='lat' dir='ltr'><strong>congruit</strong></span> <span class='ocrx_word' id='word_1_150' title='bbox 1720 2480 1854 2545; x_wconf 87' lang='lat' dir='ltr'><strong>latinum</strong></span> <span class='ocrx_word' id='word_1_151' title='bbox 1886 2505 1984 2546; x_wconf 82' lang='lat' dir='ltr'><strong>amen·</strong></span> 
     </span>
     <span class='ocr_line' id='line_1_16' title="bbox 595 2600 1984 2686; baseline 0 -19"><span class='ocrx_word' id='word_1_152' title='bbox 595 2616 668 2676; x_wconf 82' lang='lat' dir='ltr'><strong>tam,</strong></span> <span class='ocrx_word' id='word_1_153' title='bbox 691 2601 731 2666; x_wconf 89' lang='lat' dir='ltr'><strong>do</strong></span> <span class='ocrx_word' id='word_1_154' title='bbox 754 2621 818 2683; x_wconf 88' lang='lat' dir='ltr'><strong>qno</strong></span> <span class='ocrx_word' id='word_1_155' title='bbox 842 2601 961 2666; x_wconf 90' lang='lat' dir='ltr'><strong>Paulus</strong></span> <span class='ocrx_word' id='word_1_156' title='bbox 983 2623 1013 2686; x_wconf 89' lang='lat' dir='ltr'><strong>p.</strong></span> <span class='ocrx_word' id='word_1_157' title='bbox 1039 2606 1094 2666; x_wconf 77' lang='lat'><strong>12:</strong></span> <span class='ocrx_word' id='word_1_158' title='bbox 1123 2609 1264 2668; x_wconf 87' lang='lat' dir='ltr'><strong>‘amenta</strong></span> <span class='ocrx_word' id='word_1_159' title='bbox 1286 2602 1402 2685; x_wconf 89' lang='lat' dir='ltr'><strong>quibus</strong></span> <span class='ocrx_word' id='word_1_160' title='bbox 1433 2607 1471 2666; x_wconf 92' lang='lat' dir='ltr'><strong>ut</strong></span> <span class='ocrx_word' id='word_1_161' title='bbox 1495 2601 1581 2665; x_wconf 91' lang='lat' dir='ltr'><strong>mitti</strong></span> <span class='ocrx_word' id='word_1_162' title='bbox 1602 2600 1729 2684; x_wconf 89' lang='lat' dir='ltr'><strong>possint</strong></span> <span class='ocrx_word' id='word_1_163' title='bbox 1750 2602 1917 2666; x_wconf 77' lang='lat' dir='ltr'><strong>vinciuntur</strong></span> <span class='ocrx_word' id='word_1_164' title='bbox 1934 2601 1984 2684; x_wconf 88' lang='lat' dir='ltr'><strong>ja·</strong></span> 
     </span>
     <span class='ocr_line' id='line_1_17' title="bbox 597 2717 1983 2803; baseline -0.001 -17"><span class='ocrx_word' id='word_1_165' title='bbox 597 2720 682 2798; x_wconf 86' lang='lat' dir='ltr'><strong>cula,</strong></span> <span class='ocrx_word' id='word_1_166' title='bbox 710 2719 775 2784; x_wconf 87' lang='lat' dir='ltr'><strong>sive</strong></span> <span class='ocrx_word' id='word_1_167' title='bbox 804 2719 965 2784; x_wconf 84' lang='lat' dir='ltr'><strong>solearum</strong></span> <span class='ocrx_word' id='word_1_168' title='bbox 994 2720 1083 2785; x_wconf 81' lang='lat' dir='ltr'><strong>lora’.</strong></span> <span class='ocrx_word' id='word_1_169' title='bbox 1128 2725 1155 2784; x_wconf 85' lang='lat' dir='ltr'><strong>A</strong></span> <span class='ocrx_word' id='word_1_170' title='bbox 1179 2719 1347 2803; x_wconf 87' lang='lat' dir='ltr'><strong>principali</strong></span> <span class='ocrx_word' id='word_1_171' title='bbox 1369 2721 1430 2786; x_wconf 89' lang='lat' dir='ltr'><strong>hac</strong></span> <span class='ocrx_word' id='word_1_172' title='bbox 1451 2719 1600 2785; x_wconf 85' lang='lat' dir='ltr'><strong>nectendi</strong></span> <span class='ocrx_word' id='word_1_173' title='bbox 1628 2717 1859 2800; x_wconf 80' lang='lat' dir='ltr'><strong>significatione</strong></span> <span class='ocrx_word' id='word_1_174' title='bbox 1887 2719 1983 2786; x_wconf 89' lang='lat' dir='ltr'><strong>etiam</strong></span> 
     </span>
     <span class='ocr_line' id='line_1_18' title="bbox 596 2829 1986 2924; baseline 0.001 -22"><span class='ocrx_word' id='word_1_175' title='bbox 596 2831 747 2923; x_wconf 77' lang='grc' dir='ltr'><strong><em>άπήτρια</em></strong></span> <span class='ocrx_word' id='word_1_176' title='bbox 770 2837 856 2902; x_wconf 87' lang='lat' dir='ltr'><strong>dicta</strong></span> <span class='ocrx_word' id='word_1_177' title='bbox 879 2843 944 2916; x_wconf 85' lang='lat' dir='ltr'><strong>est,</strong></span> <span class='ocrx_word' id='word_1_178' title='bbox 967 2858 1063 2920; x_wconf 89' lang='lat' dir='ltr'><strong>quam</strong></span> <span class='ocrx_word' id='word_1_179' title='bbox 1086 2858 1196 2902; x_wconf 87' lang='lat' dir='ltr'><strong>vocem</strong></span> <span class='ocrx_word' id='word_1_180' title='bbox 1218 2837 1394 2922; x_wconf 82' lang='lat' dir='ltr'><strong>Hesychius</strong></span> <span class='ocrx_word' id='word_1_181' title='bbox 1417 2829 1577 2924; x_wconf 86' lang='grc' dir='ltr'><strong><em>άιιέστρια</em></strong></span> <span class='ocrx_word' id='word_1_182' title='bbox 1603 2837 1800 2920; x_wconf 84' lang='lat' dir='ltr'><strong>significasse</strong></span> <span class='ocrx_word' id='word_1_183' title='bbox 1822 2838 1924 2919; x_wconf 89' lang='lat' dir='ltr'><strong>docet,</strong></span> <span class='ocrx_word' id='word_1_184' title='bbox 1947 2859 1986 2904; x_wconf 87' lang='lat' dir='ltr'><strong>ea</strong></span> 
     </span>
     <span class='ocr_line' id='line_1_19' title="bbox 596 2947 1987 3044; baseline 0.002 -24"><span class='ocrx_word' id='word_1_185' title='bbox 596 2957 629 3020; x_wconf 90' lang='lat' dir='ltr'><strong>in</strong></span> <span class='ocrx_word' id='word_1_186' title='bbox 652 2957 723 3021; x_wconf 89' lang='lat' dir='ltr'><strong>aliis</strong></span> <span class='ocrx_word' id='word_1_187' title='bbox 746 2954 892 3020; x_wconf 85' lang='lat' dir='ltr'><strong>dialectis</strong></span> <span class='ocrx_word' id='word_1_188' title='bbox 915 2947 1065 3041; x_wconf 79' lang='grc' dir='ltr'><strong><em>ἠπήτρια</em></strong></span> <span class='ocrx_word' id='word_1_189' title='bbox 1088 2955 1141 3042; x_wconf 85' lang='lat' dir='ltr'><strong>(cl.</strong></span> <span class='ocrx_word' id='word_1_190' title='bbox 1165 2947 1305 3044; x_wconf 73' lang='grc' dir='ltr'><strong><em>ῆπητής,</em></strong></span> <span class='ocrx_word' id='word_1_191' title='bbox 1329 2947 1465 3044; x_wconf 77' lang='grc' dir='ltr'><strong><em>ἤπησις,</em></strong></span> <span class='ocrx_word' id='word_1_192' title='bbox 1490 2949 1662 3042; x_wconf 78' lang='grc' dir='ltr'><strong><em>ἠπάομαι)</em></strong></span> <span class='ocrx_word' id='word_1_193' title='bbox 1687 2957 1872 3035; x_wconf 84' lang='lat' dir='ltr'><strong>vocabatur,</strong></span> <span class='ocrx_word' id='word_1_194' title='bbox 1895 2963 1927 3023; x_wconf 88' lang='lat' dir='ltr'><strong>et</strong></span> <span class='ocrx_word' id='word_1_195' title='bbox 1951 2965 1987 3024; x_wconf 93' lang='lat' dir='ltr'><strong>ut</strong></span> 
     </span>
     <span class='ocr_line' id='line_1_20' title="bbox 591 3067 1986 3162; baseline 0.003 -22"><span class='ocrx_word' id='word_1_196' title='bbox 591 3079 729 3162; x_wconf 77' lang='lat' dir='ltr'><strong>jamenta</strong></span> <span class='ocrx_word' id='word_1_197' title='bbox 757 3072 810 3157; x_wconf 86' lang='lat' dir='ltr'><strong>(cf.</strong></span> <span class='ocrx_word' id='word_1_198' title='bbox 840 3073 967 3161; x_wconf 79' lang='grc' dir='ltr'><strong><em>ζεῦγος)</em></strong></span> <span class='ocrx_word' id='word_1_199' title='bbox 995 3075 1084 3142; x_wconf 91' lang='lat' dir='ltr'><strong>haud</strong></span> <span class='ocrx_word' id='word_1_200' title='bbox 1117 3077 1214 3143; x_wconf 92' lang='lat' dir='ltr'><strong>dubie</strong></span> <span class='ocrx_word' id='word_1_201' title='bbox 1243 3098 1264 3142; x_wconf 92' lang='lat' dir='ltr'><strong>a</strong></span> <span class='ocrx_word' id='word_1_202' title='bbox 1294 3076 1473 3161; x_wconf 83' lang='lat' dir='ltr'><strong>jungendo,</strong></span> <span class='ocrx_word' id='word_1_203' title='bbox 1504 3077 1551 3140; x_wconf 89' lang='lat' dir='ltr'><strong>sic</strong></span> <span class='ocrx_word' id='word_1_204' title='bbox 1579 3067 1712 3162; x_wconf 70' lang='lat' dir='ltr'><strong>cincimo</strong></span> <span class='ocrx_word' id='word_1_205' title='bbox 1739 3075 1915 3160; x_wconf 85' lang='lat' dir='ltr'><strong>putaverim</strong></span> <span class='ocrx_word' id='word_1_206' title='bbox 1944 3076 1986 3144; x_wconf 87' lang='lat' dir='ltr'><strong>ab</strong></span> 
     </span>
     <span class='ocr_line' id='line_1_21' title="bbox 598 3193 1986 3282; baseline 0 -20"><span class='ocrx_word' id='word_1_207' title='bbox 598 3193 735 3279; x_wconf 88' lang='lat' dir='ltr'><strong>apiendo</strong></span> <span class='ocrx_word' id='word_1_208' title='bbox 758 3194 876 3261; x_wconf 90' lang='lat' dir='ltr'><strong>dictam</strong></span> <span class='ocrx_word' id='word_1_209' title='bbox 899 3216 980 3262; x_wconf 88' lang='lat' dir='ltr'><strong>esse.</strong></span> <span class='ocrx_word' id='word_1_210' title='bbox 1012 3195 1112 3261; x_wconf 91' lang='lat' dir='ltr'><strong>Paulo</strong></span> <span class='ocrx_word' id='word_1_211' title='bbox 1135 3195 1289 3261; x_wconf 87' lang='lat' dir='ltr'><strong>remotior</strong></span> <span class='ocrx_word' id='word_1_212' title='bbox 1304 3195 1430 3262; x_wconf 85' lang='lat' dir='ltr'><strong>videtur</strong></span> <span class='ocrx_word' id='word_1_213' title='bbox 1452 3195 1498 3260; x_wconf 87' lang='lat' dir='ltr'><strong>vis</strong></span> <span class='ocrx_word' id='word_1_214' title='bbox 1522 3215 1592 3260; x_wconf 90' lang='lat' dir='ltr'><strong>esse</strong></span> <span class='ocrx_word' id='word_1_215' title='bbox 1608 3195 1699 3260; x_wconf 89' lang='lat' dir='ltr'><strong>verbi</strong></span> <span class='ocrx_word' id='word_1_216' title='bbox 1721 3198 1869 3282; x_wconf 60' lang='lat' dir='ltr'><strong>coep-ara,</strong></span> <span class='ocrx_word' id='word_1_217' title='bbox 1893 3197 1986 3281; x_wconf 85' lang='lat' dir='ltr'><strong>cujus</strong></span> 
     </span>
     <span class='ocr_line' id='line_1_22' title="bbox 597 3313 1985 3403; baseline 0.001 -23"><span class='ocrx_word' id='word_1_218' title='bbox 597 3313 775 3399; x_wconf 86' lang='lat' dir='ltr'><strong>perlectum</strong></span> <span class='ocrx_word' id='word_1_219' title='bbox 797 3320 847 3380; x_wconf 89' lang='lat' dir='ltr'><strong>est</strong></span> <span class='ocrx_word' id='word_1_220' title='bbox 868 3319 987 3400; x_wconf 62' lang='grc' dir='ltr'><strong><em>εοάρά,</em></strong></span> <span class='ocrx_word' id='word_1_221' title='bbox 1016 3335 1081 3398; x_wconf 91' lang='lat' dir='ltr'><strong>qua</strong></span> <span class='ocrx_word' id='word_1_222' title='bbox 1107 3313 1214 3380; x_wconf 82' lang='lat' dir='ltr'><strong>forma</strong></span> <span class='ocrx_word' id='word_1_223' title='bbox 1243 3313 1414 3399; x_wconf 79' lang='lat' dir='ltr'><strong>trisyllaba</strong></span> <span class='ocrx_word' id='word_1_224' title='bbox 1435 3313 1604 3380; x_wconf 86' lang='lat' dir='ltr'><strong>Lucretius</strong></span> <span class='ocrx_word' id='word_1_225' title='bbox 1625 3333 1704 3378; x_wconf 89' lang='lat' dir='ltr'><strong>usus</strong></span> <span class='ocrx_word' id='word_1_226' title='bbox 1732 3320 1796 3394; x_wconf 86' lang='lat' dir='ltr'><strong>est,</strong></span> <span class='ocrx_word' id='word_1_227' title='bbox 1824 3314 1875 3382; x_wconf 83' lang='lat' dir='ltr'><strong>vel</strong></span> <span class='ocrx_word' id='word_1_228' title='bbox 1896 3319 1985 3403; x_wconf 83' lang='lat' dir='ltr'><strong>coepi,</strong></span> 
     </span>
     <span class='ocr_line' id='line_1_23' title="bbox 597 3431 1987 3519; baseline 0.001 -20"><span class='ocrx_word' id='word_1_229' title='bbox 597 3440 634 3499; x_wconf 91' lang='lat' dir='ltr'><strong>ut</strong></span> <span class='ocrx_word' id='word_1_230' title='bbox 655 3433 800 3516; x_wconf 89' lang='lat' dir='ltr'><strong>plerique</strong></span> <span class='ocrx_word' id='word_1_231' title='bbox 823 3432 969 3498; x_wconf 90' lang='lat' dir='ltr'><strong>homines</strong></span> <span class='ocrx_word' id='word_1_232' title='bbox 992 3433 1084 3498; x_wconf 86' lang='lat' dir='ltr'><strong>latini</strong></span> <span class='ocrx_word' id='word_1_233' title='bbox 1106 3434 1266 3499; x_wconf 87' lang='lat' dir='ltr'><strong>dixerunt.</strong></span> <span class='ocrx_word' id='word_1_234' title='bbox 1311 3433 1378 3500; x_wconf 87' lang='lat' dir='ltr'><strong>Neo</strong></span> <span class='ocrx_word' id='word_1_235' title='bbox 1400 3432 1515 3498; x_wconf 86' lang='lat' dir='ltr'><strong>Graeci</strong></span> <span class='ocrx_word' id='word_1_236' title='bbox 1537 3431 1776 3500; x_wconf 87' lang='lat' dir='ltr'><strong>abhorruerunt</strong></span> <span class='ocrx_word' id='word_1_237' title='bbox 1805 3435 1847 3500; x_wconf 90' lang='lat' dir='ltr'><strong>ab</strong></span> <span class='ocrx_word' id='word_1_238' title='bbox 1876 3434 1987 3519; x_wconf 86' lang='lat' dir='ltr'><strong>hujus-</strong></span> 
     </span>
     <span class='ocr_line' id='line_1_24' title="bbox 597 3545 1984 3639; baseline 0.001 -21"><span class='ocrx_word' id='word_1_239' title='bbox 597 3553 685 3618; x_wconf 91' lang='lat' dir='ltr'><strong>modi</strong></span> <span class='ocrx_word' id='word_1_240' title='bbox 699 3573 759 3616; x_wconf 93' lang='lat' dir='ltr'><strong>usu</strong></span> <span class='ocrx_word' id='word_1_241' title='bbox 775 3550 878 3634; x_wconf 90' lang='lat' dir='ltr'><strong>qualis</strong></span> <span class='ocrx_word' id='word_1_242' title='bbox 893 3552 1089 3635; x_wconf 88' lang='lat' dir='ltr'><strong>conspicitur</strong></span> <span class='ocrx_word' id='word_1_243' title='bbox 1104 3554 1137 3616; x_wconf 93' lang='lat' dir='ltr'><strong>in</strong></span> <span class='ocrx_word' id='word_1_244' title='bbox 1153 3549 1332 3618; x_wconf 84' lang='grc' dir='ltr'><strong><em>συνάπτειν</em></strong></span> <span class='ocrx_word' id='word_1_245' title='bbox 1353 3545 1471 3639; x_wconf 72' lang='grc' dir='ltr'><strong><em>μάχην,</em></strong></span> <span class='ocrx_word' id='word_1_246' title='bbox 1495 3545 1653 3633; x_wconf 86' lang='grc' dir='ltr'><strong><em>πόλεμον,</em></strong></span> <span class='ocrx_word' id='word_1_247' title='bbox 1677 3549 1804 3639; x_wconf 70' lang='grc' dir='ltr'><strong><em>φιλίαν.</em></strong></span> <span class='ocrx_word' id='word_1_248' title='bbox 1839 3553 1984 3638; x_wconf 85' lang='lat' dir='ltr'><strong>Uterque</strong></span> 
     </span>
     <span class='ocr_line' id='line_1_25' title="bbox 596 3669 1985 3755; baseline 0.001 -19"><span class='ocrx_word' id='word_1_249' title='bbox 596 3673 695 3754; x_wconf 82' lang='lat' dir='ltr'><strong>igitur</strong></span> <span class='ocrx_word' id='word_1_250' title='bbox 716 3671 854 3755; x_wconf 87' lang='lat' dir='ltr'><strong>populus</strong></span> <span class='ocrx_word' id='word_1_251' title='bbox 875 3671 1049 3754; x_wconf 86' lang='lat' dir='ltr'><strong>incipiendi</strong></span> <span class='ocrx_word' id='word_1_252' title='bbox 1071 3673 1231 3738; x_wconf 86' lang='lat' dir='ltr'><strong>notionem</strong></span> <span class='ocrx_word' id='word_1_253' title='bbox 1254 3695 1275 3736; x_wconf 90' lang='lat' dir='ltr'><strong>a</strong></span> <span class='ocrx_word' id='word_1_254' title='bbox 1297 3669 1496 3738; x_wconf 89' lang='lat' dir='ltr'><strong>conserendo</strong></span> <span class='ocrx_word' id='word_1_255' title='bbox 1520 3675 1554 3736; x_wconf 92' lang='lat' dir='ltr'><strong>et</strong></span> <span class='ocrx_word' id='word_1_256' title='bbox 1581 3672 1775 3739; x_wconf 80' lang='lat' dir='ltr'><strong>annectendo</strong></span> <span class='ocrx_word' id='word_1_257' title='bbox 1803 3673 1985 3738; x_wconf 88' lang='lat' dir='ltr'><strong>nominasse</strong></span> 
     </span>
     <span class='ocr_line' id='line_1_26' title="bbox 598 3789 1986 3875; baseline 0.002 -23"><span class='ocrx_word' id='word_1_258' title='bbox 598 3791 737 3869; x_wconf 82' lang='lat' dir='ltr'><strong>videtur,</strong></span> <span class='ocrx_word' id='word_1_259' title='bbox 768 3811 832 3874; x_wconf 84' lang='lat' dir='ltr'><strong>qua</strong></span> <span class='ocrx_word' id='word_1_260' title='bbox 858 3791 892 3855; x_wconf 92' lang='lat' dir='ltr'><strong>in</strong></span> <span class='ocrx_word' id='word_1_261' title='bbox 919 3789 1121 3856; x_wconf 75' lang='lat' dir='ltr'><strong>retentasse</strong></span> <span class='ocrx_word' id='word_1_262' title='bbox 1148 3812 1168 3856; x_wconf 95' lang='lat' dir='ltr'><strong>a</strong></span> <span class='ocrx_word' id='word_1_263' title='bbox 1195 3791 1414 3856; x_wconf 86' lang='lat' dir='ltr'><strong>vetustissima</strong></span> <span class='ocrx_word' id='word_1_264' title='bbox 1445 3795 1595 3856; x_wconf 86' lang='lat' dir='ltr'><strong>texturae</strong></span> <span class='ocrx_word' id='word_1_265' title='bbox 1628 3795 1700 3857; x_wconf 89' lang='lat' dir='ltr'><strong>arte</strong></span> <span class='ocrx_word' id='word_1_266' title='bbox 1732 3791 1867 3875; x_wconf 82' lang='lat' dir='ltr'><strong>protecti</strong></span> <span class='ocrx_word' id='word_1_267' title='bbox 1904 3797 1986 3857; x_wconf 86' lang='lat' dir='ltr'><strong>sunt.</strong></span> 
     </span>
     <span class='ocr_line' id='line_1_27' title="bbox 597 3908 1988 3997; baseline 0.003 -25"><span class='ocrx_word' id='word_1_268' title='bbox 597 3909 742 3973; x_wconf 90' lang='lat' dir='ltr'><strong>Vidimus</strong></span> <span class='ocrx_word' id='word_1_269' title='bbox 776 3929 851 3993; x_wconf 86' lang='lat' dir='ltr'><strong>ergo</strong></span> <span class='ocrx_word' id='word_1_270' title='bbox 878 3929 970 3974; x_wconf 91' lang='lat' dir='ltr'><strong>usum</strong></span> <span class='ocrx_word' id='word_1_271' title='bbox 999 3909 1091 3975; x_wconf 88' lang='lat' dir='ltr'><strong>verbi</strong></span> <span class='ocrx_word' id='word_1_272' title='bbox 1119 3911 1228 3994; x_wconf 81' lang='lat' dir='ltr'><strong>graeei</strong></span> <span class='ocrx_word' id='word_1_273' title='bbox 1258 3915 1291 3974; x_wconf 89' lang='lat' dir='ltr'><strong>et</strong></span> <span class='ocrx_word' id='word_1_274' title='bbox 1311 3909 1405 3997; x_wconf 80' lang='lat' dir='ltr'><strong>latini</strong></span> <span class='ocrx_word' id='word_1_275' title='bbox 1426 3909 1494 3975; x_wconf 86' lang='lat' dir='ltr'><strong>iere</strong></span> <span class='ocrx_word' id='word_1_276' title='bbox 1517 3910 1652 3976; x_wconf 86' lang='lat' dir='ltr'><strong>eundern</strong></span> <span class='ocrx_word' id='word_1_277' title='bbox 1680 3929 1759 3976; x_wconf 86' lang='lat' dir='ltr'><strong>esse.</strong></span> <span class='ocrx_word' id='word_1_278' title='bbox 1803 3910 1906 3976; x_wconf 89' lang='lat' dir='ltr'><strong>Paulo</strong></span> <span class='ocrx_word' id='word_1_279' title='bbox 1927 3908 1988 3976; x_wconf 84' lang='lat' dir='ltr'><strong>dii·</strong></span> 
     </span>
     <span class='ocr_line' id='line_1_28' title="bbox 596 4027 1986 4113; baseline 0.001 -21"><span class='ocrx_word' id='word_1_280' title='bbox 596 4027 712 4094; x_wconf 84' lang='lat' dir='ltr'><strong>ficilius</strong></span> <span class='ocrx_word' id='word_1_281' title='bbox 735 4027 865 4093; x_wconf 88' lang='lat' dir='ltr'><strong>litterae</strong></span> <span class='ocrx_word' id='word_1_282' title='bbox 886 4029 973 4094; x_wconf 90' lang='lat' dir='ltr'><strong>inter</strong></span> <span class='ocrx_word' id='word_1_283' title='bbox 995 4049 1030 4094; x_wconf 90' lang='lat' dir='ltr'><strong>se</strong></span> <span class='ocrx_word' id='word_1_284' title='bbox 1053 4029 1215 4094; x_wconf 82' lang='lat' dir='ltr'><strong>conciliari</strong></span> <span class='ocrx_word' id='word_1_285' title='bbox 1237 4049 1332 4111; x_wconf 88' lang='lat' dir='ltr'><strong>posse</strong></span> <span class='ocrx_word' id='word_1_286' title='bbox 1355 4030 1492 4113; x_wconf 90' lang='lat' dir='ltr'><strong>primum</strong></span> <span class='ocrx_word' id='word_1_287' title='bbox 1515 4027 1644 4111; x_wconf 91' lang='lat' dir='ltr'><strong>quidem</strong></span> <span class='ocrx_word' id='word_1_288' title='bbox 1672 4029 1856 4112; x_wconf 88' lang='lat' dir='ltr'><strong>inspicienti</strong></span> <span class='ocrx_word' id='word_1_289' title='bbox 1878 4029 1986 4096; x_wconf 85' lang='lat' dir='ltr'><strong>viden·</strong></span> 
     </span>
     <span class='ocr_line' id='line_1_29' title="bbox 596 4123 1986 4233; baseline 0.002 -21"><span class='ocrx_word' id='word_1_290' title='bbox 596 4123 658 4212; x_wconf 81' lang='lat' dir='ltr'><strong>tur.</strong></span> <span class='ocrx_word' id='word_1_291' title='bbox 702 4147 828 4214; x_wconf 84' lang='lat' dir='ltr'><strong>Graeca</strong></span> <span class='ocrx_word' id='word_1_292' title='bbox 849 4149 933 4213; x_wconf 87' lang='lat' dir='ltr'><strong>enim</strong></span> <span class='ocrx_word' id='word_1_293' title='bbox 956 4147 1047 4212; x_wconf 83' lang='lat' dir='ltr'><strong>radix</strong></span> <span class='ocrx_word' id='word_1_294' title='bbox 1071 4153 1227 4231; x_wconf 86' lang='lat' dir='ltr'><strong>quaeest</strong></span> <span class='ocrx_word' id='word_1_295' title='bbox 1251 4143 1301 4233; x_wconf 87' lang='grc' dir='ltr'><strong>άφ</strong></span> <span class='ocrx_word' id='word_1_296' title='bbox 1331 4153 1364 4213; x_wconf 88' lang='lat' dir='ltr'><strong>et</strong></span> <span class='ocrx_word' id='word_1_297' title='bbox 1389 4148 1423 4213; x_wconf 90' lang='lat' dir='ltr'><strong>in</strong></span> <span class='ocrx_word' id='word_1_298' title='bbox 1445 4147 1537 4214; x_wconf 87' lang='lat' dir='ltr'><strong>initio</strong></span> <span class='ocrx_word' id='word_1_299' title='bbox 1561 4153 1595 4213; x_wconf 90' lang='lat' dir='ltr'><strong>et</strong></span> <span class='ocrx_word' id='word_1_300' title='bbox 1615 4148 1650 4212; x_wconf 89' lang='lat' dir='ltr'><strong>in</strong></span> <span class='ocrx_word' id='word_1_301' title='bbox 1673 4147 1736 4212; x_wconf 88' lang='lat' dir='ltr'><strong>fine</strong></span> <span class='ocrx_word' id='word_1_302' title='bbox 1758 4149 1908 4230; x_wconf 84' lang='lat' dir='ltr'><strong>spiritum</strong></span> <span class='ocrx_word' id='word_1_303' title='bbox 1929 4148 1986 4214; x_wconf 88' lang='lat' dir='ltr'><strong>hs·</strong></span> 
     </span>
     <span class='ocr_line' id='line_1_30' title="bbox 597 4266 1985 4350; baseline 0.001 -18"><span class='ocrx_word' id='word_1_304' title='bbox 597 4267 661 4346; x_wconf 90' lang='lat' dir='ltr'><strong>bet,</strong></span> <span class='ocrx_word' id='word_1_305' title='bbox 683 4266 818 4332; x_wconf 88' lang='lat' dir='ltr'><strong>latinum</strong></span> <span class='ocrx_word' id='word_1_306' title='bbox 841 4267 974 4333; x_wconf 86' lang='lat' dir='ltr'><strong>verbum</strong></span> <span class='ocrx_word' id='word_1_307' title='bbox 997 4291 1018 4332; x_wconf 94' lang='lat' dir='ltr'><strong>a</strong></span> <span class='ocrx_word' id='word_1_308' title='bbox 1041 4267 1142 4332; x_wconf 82' lang='lat' dir='ltr'><strong>vocali</strong></span> <span class='ocrx_word' id='word_1_309' title='bbox 1163 4267 1276 4350; x_wconf 88' lang='lat' dir='ltr'><strong>incipit</strong></span> <span class='ocrx_word' id='word_1_310' title='bbox 1299 4273 1331 4332; x_wconf 87' lang='lat' dir='ltr'><strong>at</strong></span> <span class='ocrx_word' id='word_1_311' title='bbox 1352 4267 1385 4334; x_wconf 92' lang='lat' dir='ltr'><strong>in</strong></span> <span class='ocrx_word' id='word_1_312' title='bbox 1407 4275 1537 4334; x_wconf 87' lang='lat' dir='ltr'><strong>tenuem</strong></span> <span class='ocrx_word' id='word_1_313' title='bbox 1560 4285 1735 4332; x_wconf 87' lang='lat' dir='ltr'><strong>consonam</strong></span> <span class='ocrx_word' id='word_1_314' title='bbox 1758 4266 1833 4334; x_wconf 85' lang='lat' dir='ltr'><strong>exit.</strong></span> <span class='ocrx_word' id='word_1_315' title='bbox 1867 4267 1985 4334; x_wconf 87' lang='lat' dir='ltr'><strong>Verum</strong></span> 
     </span>
     <span class='ocr_line' id='line_1_31' title="bbox 598 4385 1986 4473; baseline 0.003 -23"><span class='ocrx_word' id='word_1_316' title='bbox 598 4386 745 4470; x_wconf 90' lang='lat' dir='ltr'><strong>spiritum</strong></span> <span class='ocrx_word' id='word_1_317' title='bbox 773 4407 924 4472; x_wconf 88' lang='lat' dir='ltr'><strong>asperum</strong></span> <span class='ocrx_word' id='word_1_318' title='bbox 951 4386 983 4451; x_wconf 89' lang='lat' dir='ltr'><strong>in</strong></span> <span class='ocrx_word' id='word_1_319' title='bbox 1014 4407 1090 4454; x_wconf 87' lang='lat' dir='ltr'><strong>voce</strong></span> <span class='ocrx_word' id='word_1_320' title='bbox 1118 4408 1235 4471; x_wconf 86' lang='lat' dir='ltr'><strong>graeca</strong></span> <span class='ocrx_word' id='word_1_321' title='bbox 1256 4409 1321 4454; x_wconf 92' lang='lat' dir='ltr'><strong>non</strong></span> <span class='ocrx_word' id='word_1_322' title='bbox 1344 4389 1541 4473; x_wconf 82' lang='lat' dir='ltr'><strong>primitivum</strong></span> <span class='ocrx_word' id='word_1_323' title='bbox 1564 4405 1648 4464; x_wconf 86' lang='lat' dir='ltr'><strong>esse,</strong></span> <span class='ocrx_word' id='word_1_324' title='bbox 1677 4385 1741 4452; x_wconf 90' lang='lat' dir='ltr'><strong>duo</strong></span> <span class='ocrx_word' id='word_1_325' title='bbox 1770 4407 1986 4470; x_wconf 87' lang='lat' dir='ltr'><strong>eorumquae</strong></span> 
     </span>
     <span class='ocr_line' id='line_1_32' title="bbox 598 4499 1987 4594; baseline 0.001 -24"><span class='ocrx_word' id='word_1_326' title='bbox 598 4505 693 4570; x_wconf 87' lang='lat' dir='ltr'><strong>attuli</strong></span> <span class='ocrx_word' id='word_1_327' title='bbox 729 4507 1004 4573; x_wconf 86' lang='lat' dir='ltr'><strong>substantivorum</strong></span> <span class='ocrx_word' id='word_1_328' title='bbox 1032 4499 1182 4594; x_wconf 79' lang='grc' dir='ltr'><strong><em>άπὴτρια</em></strong></span> <span class='ocrx_word' id='word_1_329' title='bbox 1219 4514 1253 4574; x_wconf 92' lang='lat' dir='ltr'><strong>et</strong></span> <span class='ocrx_word' id='word_1_330' title='bbox 1282 4499 1394 4594; x_wconf 75' lang='lat' dir='ltr'><strong>olar‘vp</strong></span> <span class='ocrx_word' id='word_1_331' title='bbox 1428 4507 1650 4574; x_wconf 88' lang='lat' dir='ltr'><strong>demonstrare</strong></span> <span class='ocrx_word' id='word_1_332' title='bbox 1678 4506 1838 4586; x_wconf 81' lang='lat' dir='ltr'><strong>ridentur,</strong></span> <span class='ocrx_word' id='word_1_333' title='bbox 1871 4507 1987 4591; x_wconf 91' lang='lat' dir='ltr'><strong>quibus</strong></span> 
     </span>
     <span class='ocr_line' id='line_1_33' title="bbox 597 4617 1986 4713; baseline 0.001 -24"><span class='ocrx_word' id='word_1_334' title='bbox 597 4625 706 4708; x_wconf 88' lang='lat' dir='ltr'><strong>aliqua</strong></span> <span class='ocrx_word' id='word_1_335' title='bbox 728 4645 800 4690; x_wconf 90' lang='lat' dir='ltr'><strong>oum</strong></span> <span class='ocrx_word' id='word_1_336' title='bbox 823 4626 1053 4710; x_wconf 87' lang='lat' dir='ltr'><strong>probabilitate</strong></span> <span class='ocrx_word' id='word_1_337' title='bbox 1078 4628 1210 4692; x_wconf 90' lang='lat' dir='ltr'><strong>tertium</strong></span> <span class='ocrx_word' id='word_1_338' title='bbox 1236 4626 1368 4712; x_wconf 81' lang='lat' dir='ltr'><strong>adjungi</strong></span> <span class='ocrx_word' id='word_1_339' title='bbox 1390 4631 1498 4712; x_wconf 86' lang='lat' dir='ltr'><strong>potest</strong></span> <span class='ocrx_word' id='word_1_340' title='bbox 1521 4617 1648 4713; x_wconf 85' lang='grc' dir='ltr'><strong><em>άπάτη,</em></strong></span> <span class='ocrx_word' id='word_1_341' title='bbox 1671 4625 1699 4691; x_wconf 93' lang='lat' dir='ltr'><strong>si</strong></span> <span class='ocrx_word' id='word_1_342' title='bbox 1721 4627 1848 4710; x_wconf 89' lang='lat' dir='ltr'><strong>quidem</strong></span> <span class='ocrx_word' id='word_1_343' title='bbox 1872 4631 1906 4692; x_wconf 91' lang='lat' dir='ltr'><strong>et</strong></span> <span class='ocrx_word' id='word_1_344' title='bbox 1925 4625 1986 4690; x_wconf 90' lang='lat' dir='ltr'><strong>hoc</strong></span> 
     </span>
     <span class='ocr_line' id='line_1_34' title="bbox 598 4737 1986 4836; baseline 0.001 -28"><span class='ocrx_word' id='word_1_345' title='bbox 598 4743 788 4810; x_wconf 85' lang='lat' dir='ltr'><strong>vocabulum</strong></span> <span class='ocrx_word' id='word_1_346' title='bbox 804 4751 838 4812; x_wconf 87' lang='lat' dir='ltr'><strong>et</strong></span> <span class='ocrx_word' id='word_1_347' title='bbox 852 4747 1049 4812; x_wconf 89' lang='lat' dir='ltr'><strong>homericum</strong></span> <span class='ocrx_word' id='word_1_348' title='bbox 1067 4737 1277 4836; x_wconf 70' lang='lat' dir='ltr'><strong>daupidane</strong></span> <span class='ocrx_word' id='word_1_349' title='bbox 1295 4749 1492 4814; x_wconf 86' lang='lat' dir='ltr'><strong>Buttmanno</strong></span> <span class='ocrx_word' id='word_1_350' title='bbox 1508 4745 1682 4827; x_wconf 85' lang='lat' dir='ltr'><strong>Fickioque</strong></span> <span class='ocrx_word' id='word_1_351' title='bbox 1703 4747 1743 4814; x_wconf 90' lang='lat' dir='ltr'><strong>ab</strong></span> <span class='ocrx_word' id='word_1_352' title='bbox 1763 4745 1824 4812; x_wconf 90' lang='lat' dir='ltr'><strong>hac</strong></span> <span class='ocrx_word' id='word_1_353' title='bbox 1839 4744 1986 4812; x_wconf 87' lang='lat' dir='ltr'><strong>nectendi</strong></span> 
     </span>
    </p>
   </div>
   <div class='ocr_carea' id='block_1_7' title="bbox 0 0 2266 5892">
    <p class='ocr_par' dir='ltr' id='par_1_7' title="bbox 0 0 2266 5892">
     <span class='ocr_line' id='line_1_35' title="bbox 0 0 2266 5892; baseline 0 0"><span class='ocrx_word' id='word_1_354' title='bbox 0 0 2266 5892; x_wconf 95' lang='lat' dir='ltr'><strong> </strong></span> 
     </span>
    </p>
   </div>
  </div>
 </body>
</html>
