4444 5866
999 493 1184 512 m

356 594 1954 705 susouemtrttrnvrtrsrrtemutetmaesrrmrtattutmundumma

81 764 85 774 ,
228 715 290 782 Sed
310 731 437 782 neeesse
458 722 516 796 est,
538 721 572 781 ut
593 723 623 782 et
644 717 695 782 bie
715 723 745 784 et
766 718 849 800 apud
869 721 942 786 lior.
963 721 1028 788 Sat.
1051 723 1128 792 lt.
1150 727 1201 792 to.
1223 728 1389 798 ιιιιιιιι·
1380 752 1413 800 ιι
1432 740 1602 821 genitium
1620 757 1729 838 ιιιιιι
1744 757 1952 836 uenturum

231 836 463 916 perpetuitatem
483 833 662 906 mutuudum
684 851 753 923 esse
773 854 871 937 usque
893 845 1055 924 repetatur.

330 955 430 1028 Anu.
458 951 541 1028 XV
567 955 628 1028 71.
679 954 798 1030 Nouio
822 953 952 1032 Prise'o
972 980 1043 1056 per
1067 905 1272 1041 amicitiem
1298 915 1486 1049 Senecae
1494 983 1532 1049 et
1557 923 1684 1058 Glitio
1699 982 1832 1062 Gallo
1828 969 1953 1090 -.attpuo

231 1087 394 1213 Antonio
419 1087 579 1161 Pollioni
605 1086 792 1162 infametis
816 1090 941 1212 magis
962 1117 1075 1216 qruam
1099 1097 1279 1196 convictis
1307 1103 1459 1178 decreta
1484 1110 1712 1200 exsilia.
1824 1182 1835 1219 ‚

355 1221 401 1286 Gi
421 1198 500 1286 ιιιιιι
524 1221 595 1287 XVI.
617 1223 649 1288 9
696 1222 773 1284 rum
793 1235 914 1286 senatres
936 1200 1070 1289 cormello
1097 1225 1201 1292 caeto
1218 1243 1248 1293 et
1270 1233 1379 1299 Silano
1401 1239 1517 1303 exsilia
1538 1206 1757 1341 deserentem.
1771 1255 1860 1349 Recte
1872 1261 1951 1357 qui-

230 1339 297 1404 dem
320 1335 481 1400 arbitrium
503 1337 611 1400 emelii
631 1339 705 1401 dora·
725 1339 826 1406 Tacito
849 1343 975 1428 dieitur,
998 1345 1052 1409 sed
1075 1333 1216 1430 suspecta
1237 1351 1332 1420 altere
1353 1342 1489 1442 locutio,
1500 1378 1559 1442 qna
1585 1365 1692 1432 exsilia
1709 1368 1774 1435 duri
1796 1368 1946 1441 dicuntur

325 1456 428 1531 dnn.
456 1453 539 1532 XV.
564 1445 659 1531 73.
679 1443 774 1534 Sed
784 1459 896 1535 Nero'
910 1460 1063 1538 vocato
1071 1457 1202 1543 senatu
1217 1473 1387 1548 oratione
1401 1475 1776 1578 interpa'tresltebita
1791 1487 1953 1570 edietum

229 1591 329 1692 apud
354 1590 536 1691 populum
562 1602 600 1666 et
625 1588 797 1668 collata
786 1621 825 1668 un
839 1593 956 1670 libros
972 1597 1110 1673 indicia
1124 1591 1457 1708 confessionesque
1473 1603 1737 1696 deunnatoiur'n'
1752 1605 1952 1706 adiunxit.

231 1722 372 1801 etenim
398 1727 533 1801 erebro
558 1711 712 1828 vulgi'
684 1735 838 1805 turmore
829 1715 1117 1829 tardabatur,
1145 1745 1323 1837 tanquam
1341 1719 1456 1820 ultro'
1469 1757 1506 1823 et
1522 1750 1689 1879 insontes
1708 1752 1785 1831 ob
1761 1761 1952 1865 invidiam

229 1867 292 1934 aut
316 1870 471 1946 metum
489 1861 741 1940 exstinxisset.

291 1990 432 2069 Anu.
455 1993 542 2070 XV.
570 1992 632 2071 74.
684 1983 787 2073 'l’nm
810 1987 1030 2080 iri'diso'rete
1038 1990 1138 2078 doma
1163 2013 1208 2079 et
1224 2019 1346 2108 grates
1373 2010 1453 2090 deis
1472 2015 1733 2118 decernuntur,
1758 2033 1952 2131 proprius·

231 2153 305 2228 que
330 2129 454 2203 honos
481 2129 561 2205 Soli
588 2131 662 2225 (emi
689 2141 747 2207 est
770 2145 878 2210 vetus
904 2137 1017 2212 aedes
1044 2139 1143 2238 apud
1170 2139 1334 2240 circum,
1371 2147 1409 2221 in
1445 2175 1520 2248 quo
1545 2153 1690 2232 facinus
1722 2167 1952 2265 parabatur),

232 2290 296 2382 qur
322 2263 466 2338 ooeulta
491 2265 758 2340 coniurationis
784 2269 940 2345 nrnnine
966 2273 1180 2348 retexisset.

356 2397 457 2463 Etiam
476 2399 527 2463 hio
547 2401 763 2482 glossematum
786 2404 970 2470 insatiabilis
993 2405 1104 2490 eupido
1128 2407 1340 2479 detrimentum
1363 2418 1466 2483 Teoito
1495 2423 1609 2489 intulit
1653 2429 1706 2493 Est
1727 2435 1808 2498 enim
1834 2438 1867 2501 ιιι
1886 2441 1953 2506 ιιι.

231 2527 293 2579 eon
313 2515 442 2580 decreta
463 2515 546 2579 dona
567 2525 621 2583 ete.
664 2519 867 2586 Doederlinns
895 2541 914 2588 a
943 2528 1096 2590 eontrario
1130 2543 1232 2593 errore
1259 2532 1319 2596 sibi
1348 2553 1412 2600 uon
1434 2555 1544 2606 cerens
1565 2561 1673 2611 ranem
1696 2565 1819 2632 operam
1840 2557 1873 2620 in
1896 2575 1952 2622 ex-

232 2608 382 2717 plieaudis
404 2637 588 2716 corruptis
577 2633 677 2701 verbis
699 2639 870 2702 collocavit
913 2641 1033 2717 Quod·
1025 2659 1091 2723 upse
1113 2645 1248 2729 restitui,
1271 2666 1308 2712 ex
1330 2668 1366 2714 eo
1389 2653 1471 2734 quod
1500 2663 1665 2740 opponitur
1686 2667 1830 2750 ρνιρνίιι
1857 2671 1950 2742 lum

232 2754 412 2834 intelligitur
432 2767 536 2818 verum
561 2769 635 2818 esse.
659 2753 702 2818 Ci.
720 2757 797 2819 dnn.
816 2757 840 2820 1
859 2755 910 2842 35.
931 2779 1006 2820 mox
1026 2757 1203 2865 indiscretis
1223 2763 1347 2830 orcibeta
1362 2769 1467 2852 pretio
1488 2777 1739 2844 vocationem-
1700 2807 1798 2849 -ae
1814 2791 1952 2872 propriis

231 2855 433 2933 mndniee‘
420 2889 562 2931 summanr
581 2871 694 2932 vudum
713 2882 771 2934 etc.

288 2982 429 3063 ’.ιιιιιι
482 2971 617 3087 Quod·
628 2987 797 3087 quidem
811 2989 876 3066 ille
908 2981 1135 3071 deterrebat
1169 2991 1348 3100 temptam
1379 3011 1541 3087 mortale
1573 3011 1759 3116 fastigium
1797 3047 1948 3124 egresso

233 3127 271 3194 et
295 3121 579 3196 venerationem
601 3121 800 3198 homiuum
820 3129 997 3224 merito,
996 3152 1112 3228 qemun
1138 3131 1373 3230 quorundam
1399 3137 1593 3223 admonitu
1625 3139 1670 3224 ad
1704 3179 1818 3232 omen
1847 3166 1949 3283 saevi

232 3251 355 3329 exitus
389 3247 618 3331 uerteretur}
660 3264 749 3333 nam
788 3261 902 3336 (lenm
932 3261 1072 3394 ιιοιιοι
1079 3263 1249 3412 principi
1282 3291 1359 3345 nen
1391 3287 1478 3351 ante
1498 3274 1668 3390 babetur
1701 3313 1813 3385 quem
1839 3321 1949 3397 agere

233 3391 330 3463 inter
357 3383 533 3463 homines
556 3378 720 3466 desierit.

334 3561 433 3630 Anu.
461 3559 564 3632 XVI.
596 3563 631 3632 t.
685 3559 803 3633 lllusit
829 3561 965 3636 dehine
991 3566 1130 3641 Neroni
1157 3571 1320 3647 Fortuna
1345 3601 1415 3674 per
1439 3581 1678 3660 venitatem
1666 3544 1781 3703 upsiprs
1807 3611 1949 3700 etpro-

231 3693 346 3768 missa
382 3686 540 3766 Caeselli
572 3689 697 3788 Bassi,
737 3695 800 3798 qni
837 3695 979 3821 origine
1013 3697 1181 3798 Poenus,
1213 3719 1340 3783 mente
1372 3713 1538 3810 turbide,
1573 3733 1779 3807 uuemunue
1802 3733 1945 3876 quietis

233 3801 435 3926 imaginem
460 3825 509 3900 ad
535 3849 644 3923 spem
670 3827 769 3900 haud
795 3831 930 3906 dubiae
956 3835 1012 3908 rei
1039 3839 1168 3914 traxit.

333 3960 433 4034 dnn.
460 3960 562 4034 XVl.
590 3963 628 4036 2.
679 3959 780 4038 Nero
806 3989 884 4038 non
916 3969 1098 4062 auctoris,
1129 3997 1209 4047 non
1233 3969 1349 4074 ipsius
1374 3985 1513 4084 negotii
1546 3989 1642 4064 fide
1652 3995 1749 4071 satis
1771 3927 1948 4116 speetatd,

233 4118 303 4168 nee
329 4095 453 4188 missis
480 4095 708 4188 fossoribus,
735 4121 804 4196 per
829 4127 924 4200 quus
950 4114 1126 4180 uosoeret
1149 4131 1196 4180 en
1223 4133 1313 4186 uera
1337 4113 1582 4216 efferrentur,
1612 4140 1722 4230 auget
1752 4135 1850 4214 ultro
1883 4167 1947 4218 rn-

232 4251 396 4324 morem,
422 4228 609 4328 mittitque
635 4231 700 4329 qni
726 4233 829 4308 velut
851 4246 1020 4334 paratam
1043 4241 1223 4337 praedam
1249 4247 1467 4330 eveherent.

236 4452 241 4460 ⁵
332 4363 434 4440 Ibid.
481 4363 558 4438 Neo
582 4365 684 4440 eliud
709 4390 780 4468 per
802 4367 886 4444 illos
913 4370 993 4448 dies
1019 4375 1181 4474 populus
1205 4379 1288 4476 plns
1314 4385 1545 4483 credulitate,
1570 4397 1773 4490 purulenta
1799 4407 1946 4488 dipem

232 4497 334 4574 ferna
358 4499 492 4572 tulere.

359 4633 421 4698 Cur
441 4634 580 4698 rotulam
598 4635 668 4716 pluo
690 4638 743 4716 qui
765 4639 798 4700 in
820 4619 1142 4722 Terrto‘expurpundo
1164 4643 1395 4711 elaboraverunt
1427 4658 1510 4716 teuto
1533 4672 1624 4738 opere
1645 4675 1774 4735 aversati
1799 4677 1863 4740 ιιιι
1885 4696 1946 4746 110„

232 4753 391 4818 snoeurrit.
431 4751 475 4816 Ne
497 4751 609 4834 longus
626 4753 696 4828 sim.
717 4753 754 4818 el.
775 4753 908 4836 Zumptii
930 4753 1058 4858 Grumm.
1080 4758 1143 4826 Lat.
1166 4777 1193 4842 p.
1217 4761 1289 4826 632

333 4877 430 4946 Anu.
458 4869 561 4945 XVl.
592 4872 651 4945 10.
701 4881 973 4972 ¹cruentamque
999 4876 1186 4952 eervieem
1214 4879 1293 4953 eius
1319 4883 1495 4982 amplexu
1521 4898 1695 4993 servabat
1726 4911 1943 5008 sauguinem
