4444 5866
1049 93 1102 146 vu

135 327 173 392 et
207 318 309 392 cella
340 315 547 392 derivanda
578 327 690 390 erunt
711 339 769 388 ex
804 317 1020 414 antiquiore
1044 317 1168 414 aliqua
1199 317 1338 408 forma,
1355 367 1359 376 -
1377 339 1472 414 quae
1503 333 1587 388 oum
1620 342 1697 390 non
1729 325 1854 390 exstet
1882 315 1975 414 tingi
2000 341 2025 392 a

133 463 253 538 nobis
283 475 406 562 potest
431 463 526 538 tato.
577 461 637 536 Ex
662 489 708 536 ea
734 461 867 538 Graeci
894 463 1112 537 femininam
1139 464 1298 538 formam
1326 462 1494 535 similiter
1519 471 1774 560 propagarunt
1800 477 1841 536 ut
1867 489 1889 536 a
1914 463 2025 554 σκιαί

133 615 289 713 σκοπιαί,
323 615 468 720 argeste
500 613 663 720 στςιιτιιί,
695 612 816 717 τρόχος
846 612 977 717 τςοχιιί.
1016 608 1072 682 De
1099 609 1215 684 latino
1241 608 1426 682 vocabulo
1455 607 1617 682 dubitari
1642 619 1776 707 potest.
1814 607 2021 686 Nemeum

132 763 415 859 geminatarum
447 761 654 833 litterarum
685 783 796 834 ‘usum
817 758 931 871 [apud
964 755 1156 830 Romanos
1188 780 1266 828 non
1298 754 1501 828 admodum
1535 757 1837 853 antiquumesse
1864 771 2020 850 constet,

127 907 212 1003 jorn
241 905 405 980 Vossius
430 907 467 980 in
495 905 756 1007 Etymologioo
782 903 929 977 monuit
954 903 1001 976 ab
1024 902 1280 1000 antiquissima
1299 901 1486 976 scribendi
1512 901 1656 976 ratione
1684 901 1760 976 calu
1777 903 2021 1001 'proticiscen-

129 1044 228 1124 dum
260 1077 354 1126 esse.
395 1049 538 1125 Verum
565 1045 774 1126 cavendum
801 1051 881 1143 erit,
907 1075 956 1122 ne
981 1049 1138 1123 nimium
1165 1049 1250 1122 stilo
1276 1049 1495 1140 tribuamus,
1522 1049 1626 1148 cujus
1653 1049 1886 1124 consuetudo
1912 1053 2021 1128 vivae

9 1271 10 1304 1
131 1199 246 1273 vocis
274 1225 409 1273 sonum
436 1223 628 1296 nunquam
654 1223 808 1298 prorsus
837 1211 1030 1294 exaequat.
1071 1193 1142 1286 Qui
1167 1196 1268 1270 enim
1295 1209 1380 1270 ante
1406 1197 1567 1272 Ennium
1595 1199 1670 1270 tela
1696 1199 1881 1292 etmella,
1907 1200 2019 1296 felem

134 1355 173 1417 et
198 1345 359 1444 pellem,
394 1345 510 1444 pilum
538 1358 576 1419 et
600 1344 768 1443 lapillum
794 1345 847 1418 ita
873 1365 895 1415 a
920 1341 1099 1418 Romanis
1125 1345 1372 1442 pronunciata
1398 1369 1480 1418 esse
1506 1344 1668 1438 diceret,
1703 1358 1745 1418 ut
1769 1345 2021 1444 paenultimae

132 1490 310 1590 syllabae
345 1515 459 1564 sonus
485 1492 596 1589 plane
622 1489 722 1563 idem
750 1503 865 1582 osset,
901 1491 931 1564 is
959 1489 1058 1564 hand
1086 1489 1198 1569 dubie
1226 1505 1376 1564 erraret.
1428 1491 1557 1588 ltaque
1584 1509 1625 1566 ut
1650 1492 1688 1566 in
1714 1517 1847 1590 parum
1873 1495 2019 1568 usitatis

131 1649 170 1711 et
197 1637 355 1737 ignotae
383 1639 536 1738 originis
563 1638 719 1712 vocibus
745 1636 933 1710 interdum
960 1647 1122 1710 erratum
1150 1637 1208 1730 sit,
1235 1637 1274 1710 in
1300 1637 1515 1712 universum
1542 1665 1619 1714 non
1648 1652 1714 1733 est,
1741 1640 1842 1738 quod
1869 1642 2018 1740 eosqui

128 1781 251 1857 Ennii
284 1795 406 1858 aetate
439 1785 707 1858 accuratiorem
742 1781 930 1858 scribendi
963 1784 1146 1856 rationem
1172 1781 1389 1860 induxerint
1415 1786 1523 1858 vivae
1550 1785 1655 1859 vocis
1680 1811 1789 1860 usum
1816 1787 2018 1884 antiquitus

132 1943 341 2023 servatum,
368 1931 528 2005 necdum
555 1930 646 2005 satis
671 1930 804 2004 litteris
831 1929 1045 2003 distinctum
1072 1943 1221 2006 secutos
1243 1955 1330 2040 esse
1356 1957 1546 2030 negemus.
1597 1931 1764 2030 Eamque
1791 1933 1840 2006 ob
1867 1958 2017 2010 causam

130 2077 233 2150 cella
260 2077 486 2152 vocabulum
512 2077 559 2150 ab
588 2102 633 2150 eo
661 2075 761 2174 quod
788 2076 980 2174 posuimus
1007 2075 1092 2150 tato
1117 2078 1171 2150 ita
1195 2076 1405 2151 derivatum
1431 2104 1513 2152 esse
1541 2079 1764 2154 crediderim
1785 2093 1827 2154 ut
1849 2081 2018 2156 stabula

113 2197 288 2318 tabella,
315 2225 362 2298 ab
389 2225 524 2298 anulus
551 2225 705 2298 anellus·
744 2223 830 2298 dam
857 2226 1014 2300 veroin
1041 2227 1169 2322 lingua
1195 2227 1377 2300 sanserita
1401 2225 1584 2300 babemus
1611 2225 1837 2299 vocabulum
1862 2224 2018 2320 Iolaia-s,

131 2372 239 2468 quod
262 2397 285 2445 a
305 2369 455 2446 llubnio
478 2371 644 2472 (Weber,
665 2369 838 2446 Indisohe
857 2373 1014 2446 Studien
1036 2372 1063 2465 l,
1083 2397 1118 2470 p.
1138 2374 1238 2470 360),
1266 2397 1349 2446 eum
1376 2397 1511 2472 graeco
1537 2371 1645 2450 estrei
1670 2387 1927 2471 comparatum
1948 2387 2015 2448 est

132 2515 204 2590 Cui
234 2517 506 2616 comparationi
533 2517 683 2615 spiritus
710 2505 844 2592 initiali
866 2517 1013 2592 litterae
1040 2517 1189 2594 additus
1214 2543 1291 2592 non
1319 2519 1462 2611 obstat,
1488 2517 1575 2616 quia
1600 2518 1700 2592 haud
1725 2543 1810 2591 raro
1839 2519 1885 2593 ab
1912 2518 2017 2594 Indis

132 2665 243 2738 tenui
271 2689 365 2762 quae
391 2675 550 2739 vocatur
572 2687 761 2738 consonae
783 2662 963 2761 adjicitur.
1006 2661 1198 2764 Significat
1215 2681 1339 2739 autem
1359 2663 1501 2738 letoio-a
1528 2665 1606 2738 sive
1633 2664 1804 2758 tiolo-sn,
1829 2663 2014 2742 Wilaonio

132 2825 308 2905 auctore,
350 2837 475 2886 aream
507 2813 661 2886 triturae
694 2813 967 2884 frumentorum
1002 2811 1225 2885 destinatam
1258 2815 1298 2906 (a
1322 2811 1519 2911 threshing
1543 2809 1672 2907 floor),
1711 2811 1868 2910 quodsi
1895 2811 1942 2886 ab
1969 2813 2015 2888 iis

133 2983 233 3056 quae
261 2959 503 3056 exposuimus
531 2958 663 3032 abesse
690 2959 876 3049 videatur,
904 2960 1080 3058 granmii,
1107 2961 1246 3051 molae,
1273 2973 1311 3034 et
1335 2960 1454 3057 magis
1481 2959 1703 3033 universalis
1729 2959 1804 3033 loci
1832 2959 2014 3060 significa·

130 3105 271 3198 tiones,
299 3129 393 3204 quae
423 3103 544 3178 eidem
570 3104 714 3177 nomini
738 3105 963 3196 tribuuntur,
989 3105 1116 3203 paullo
1142 3105 1276 3178 melius
1300 3105 1541 3211 respondent.
1580 3104 1658 3180 Nec
1686 3107 1934 3202 omittendum
1957 3119 2014 3182 est

133 3253 359 3328 sanseritum
386 3251 477 3350 etto,
505 3277 577 3351 quo
605 3251 740 3325 domus
767 3261 806 3325 et
826 3275 912 3324 areo
933 3250 1092 3348 amplior
1117 3249 1261 3350 (shall)
1289 3251 1528 3350 significatur,
1553 3277 1625 3326 nec
1651 3252 1751 3350 quod
1777 3253 1824 3326 ab
1850 3253 1924 3328 boo
1948 3253 2012 3327 de·

130 3399 277 3473 flexum
306 3411 363 3474 est
388 3413 525 3473 caveae
551 3409 689 3472 nomen
718 3399 912 3495 adimo-m
938 3401 978 3498 (a
995 3398 1197 3498 birdcage).
1249 3397 1354 3488 Quae
1381 3397 1570 3497 quomodo
1596 3399 1694 3474 inter
1719 3425 1760 3477 ss
1786 3399 2013 3475 cohaereant

133 3557 171 3619 et
197 3544 300 3620 unde
336 3547 518 3646 originem
553 3547 719 3644 ceperint
751 3546 777 3619 ii
810 3544 983 3638 videant,
1022 3546 1084 3644 qui
1118 3546 1156 3620 in
1182 3547 1331 3644 linguae
1359 3547 1562 3620 sanseritae
1588 3547 1772 3620 vocabula
1798 3545 2011 3645 diligentius

131 3693 321 3792 inquirere
348 3679 563 3792 coeperunt
591 3691 870 3766 ¹Romanorum
898 3705 1022 3766 autem
1048 3694 1298 3792 grammatici,
1325 3692 1465 3786 Varro,
1505 3692 1657 3767 Servius
1683 3705 1723 3766 et
1746 3690 1884 3767 Paulus
1910 3691 2010 3768 Festi

123 3821 361 3938 'epitomator
395 3840 445 3938 (p.
474 3842 530 3914 66'
550 3837 620 3937 ll.)
652 3839 786 3914 cellam
817 3865 840 3912 a
874 3835 1032 3914 celando
1066 3839 1203 3914 dictam
1237 3863 1318 3916 esse
1351 3850 1528 3917 statuunt
1589 3836 1699 3928 Quod
1734 3837 1891 3914 verbum
1924 3865 2009 3916 eum

110 3960 111 3969 ἵ
133 4007 155 4057 a
183 3986 364 4080 breviori,
392 4009 486 4084 quae
507 3996 572 4058 ‘est
586 3967 635 4058 in
663 3985 840 4078 eumd-o,
873 3985 995 4060 colim
1022 3986 1100 4060 sive
1130 3985 1252 4062 callim
1278 3999 1316 4060 et
1341 3985 1436 4060 clam
1462 3985 1581 4086 (Paul.
1607 4010 1642 4084 p.
1670 3986 1746 4084 47),
1780 3985 1901 4060 forma
1925 4012 2009 4085 pro·

131 4145 311 4234 pagatnm
351 4133 418 4225 sit,
457 4133 517 4206 oui
556 4129 697 4204 dudum
736 4133 990 4230 germanicum
1030 4131 1135 4206 Ῑιὸἰαιι
1168 4145 1495 4230 comparaverunt,
1535 4145 1573 4208 et
1605 4159 1692 4208 oum
1718 4121 1818 4232 apud
1843 4131 2009 4210 Graecos

131 4283 264 4356 eadem
292 4281 399 4354 radix
427 4292 465 4354 et
489 4279 607 4354 verbo
632 4279 800 4357 ratde-ru
833 4291 871 4352 et
896 4279 1050 4368 nomini,
1077 4278 1177 4377 quod
1204 4305 1289 4354 cum
1315 4279 1533 4355 Latinorum
1560 4279 1710 4354 ort-culto
1738 4293 1774 4354 et
1793 4281 2007 4380 gennanioo

134 4425 257 4500 tel-m
297 4426 484 4524 congruit,
522 4430 778 4533 καςά-ιιαλλον
823 4425 976 4499 subesse
1015 4425 1204 4519 videatur,
1243 4425 1344 4500 illam
1379 4427 1662 4526 originationem
1699 4451 1765 4500 our
1796 4427 2009 4526 rejiciamus

131 4593 210 4647 non
237 4573 358 4646 video.

289 4717 520 4796 Graecorum
553 4713 687 4818 ripe-r
719 4733 756 4794 et
780 4721 938 4794 latinum
964 4743 1121 4794 umero-s
1147 4719 1245 4792 idem
1270 4721 1496 4793 vocabulum
1524 4745 1607 4796 csse
1634 4721 1696 4794 diu
1723 4733 1879 4796 constat
1931 4719 2006 4796 Eas

134 4863 273 4939 formos
298 4866 602 4967 ita'congruere,
627 4879 669 4939 ut
694 4888 814 4942 exea
839 4889 933 4964 quae
962 4865 1009 4938 ab
1035 4864 1153 4958 Indis,
1191 4889 1361 4938 umerum
1389 4891 1526 4940 amsa-s
1551 4880 1589 4942 et
1613 4893 1636 4940 a
1662 4865 1811 4960 Gothis,
1845 4867 2004 4942 eundern

132 5035 236 5087 unua
263 4997 496 5104 rodentibus,
523 5023 672 5096 servata
691 5023 758 5105 est,
786 5009 920 5086 Graeci
945 5015 1072 5113 ὅμως,
1097 5025 1230 5110 posteo
1258 5003 1379 5112 siper,
1417 5011 1539 5090 Latini
1565 5035 1654 5086 vero
1681 5014 1779 5088 inter
1804 5039 1859 5087 ma
1883 5015 2005 5088 vocali

132 5155 350 5258 interposita
374 5183 556 5252 omaso-e,
595 5171 728 5258 postea
760 5181 946 5251 amesa-s,
985 5156 1159 5230 umero-t
1188 5158 1362 5250 fecerint,
1401 5159 1675 5234 securatissime
1711 5159 1757 5232 ab
1784 5159 2006 5234 Aulreobtio
