4460 5880
1120 517 1178 607 st

362 753 517 842 propter
546 735 711 814 vocalem
744 747 976 836 comparetur
1000 730 1174 805 Latinum
1204 734 1364 823 vul-tur,
1382 759 1384 762 ·
1402 755 1512 833 quem
1542 757 1563 804 a
1593 729 1764 808 vellendo
1799 728 1937 807 dictum

364 888 441 938 esse
454 863 640 964 Benaryus
653 857 790 956 (Lautl.
807 857 838 932 Ι.
855 885 894 960 p.
916 855 1013 956 175.)
1026 870 1124 930 recte
1139 879 1286 930 censere
1299 851 1456 930 videtur.
1485 853 1580 930 Nam
1593 855 1752 930 Romani
1768 881 1934 958 quoque,

364 989 428 1088 qui
459 984 569 1086 vulgo
605 982 770 1058 ovocali
803 985 841 1054 in
867 980 940 1055 hoc
965 979 1097 1055 suffixo
1123 995 1293 1071 utuntur,
1329 978 1416 1052 alias
1448 977 1632 1054 interdum
1665 979 1803 1056 litteras
1836 978 1937 1056 adhi-

257 1141 260 1146 ·
362 1110 474 1193 bent;
505 1123 650 1211 praeter
674 1103 767 1180 illud
795 1133 819 1178 u
846 1108 956 1196 enim,
985 1100 1267 1207 propterquod
1295 1105 1403 1178 etiam
1426 1117 1559 1206 gratur
1584 1103 1806 1196 conseratur,
1836 1132 1856 1179 e
1881 1107 1937 1179 in·

250 1313 257 1322 ,
362 1235 507 1308 venitur
535 1273 576 1291 -
606 1246 648 1302 ut
673 1231 958 1331 praetermittam
985 1231 1209 1329 cognationis
1235 1231 1404 1302 nomina:
1430 1242 1551 1328 poter,
1564 1227 1699 1333 frater
1725 1244 1794 1302 etc.
1833 1272 1868 1286 -
1899 1233 1939 1302 iu

348 1363 496 1456 'possen
548 1353 632 1427 Hoc
658 1356 754 1426 enim
782 1350 943 1426 eiusdem
969 1351 1090 1426 suffixi
1116 1376 1202 1455 ope,
1231 1367 1371 1426 mutato
1397 1365 1412 1424 t
1437 1354 1475 1424 in
1501 1378 1520 1426 s
1544 1353 1608 1449 (cf.
1636 1379 1792 1453 quassus
1813 1367 1940 1453 aquo!
2039 1445 2041 1460 Ι

363 1477 461 1576 rad.)
476 1491 555 1579 pot,
582 1481 641 1551 cui
659 1473 856 1550 incedendi
874 1481 983 1551 notio
998 1492 1064 1570 est,
1093 1475 1311 1578 repeto¹³⁹).
1352 1473 1568 1579 Principalis
1586 1480 1695 1578 igit‘ur
1712 1493 1749 1552 et
1765 1477 1938 1578 frequen-

363 1607 521 1677 tissimus
546 1615 605 1692 tr,
629 1615 715 1686 tor,
740 1627 810 1708 rap,
833 1627 889 1708 cop
916 1599 1138 1704 syllabarum
1163 1627 1249 1676 usus
1276 1627 1390 1704 quum
1416 1587 1540 1703 aperte
1567 1604 1597 1675 is
1614 1604 1673 1693 sit,
1701 1617 1744 1675 ut
1764 1626 1939 1705 persona·

236 1713 238 1718 ⁸
362 1753 445 1800 rum
469 1728 618 1799 nomina
644 1725 822 1816 forment,
858 1749 935 1798 non
968 1723 1101 1799 desunt
1125 1740 1248 1800 tamen
1275 1723 1461 1827 exempla,
1493 1729 1531 1798 io
1567 1725 1700 1828 quibus
1725 1723 1785 1799 vel
1811 1723 1857 1798 ad
1883 1749 1941 1800 res

364 1852 570 1925 actionesve
598 1846 834 1952 designandas
861 1846 1123 1942 adhibeantur;
1153 1853 1254 1924 cuius
1280 1851 1420 1951 generis
1447 1865 1549 1924 sunt:
1584 1841 1732 1958 ζωστήρ,
1760 1840 1942 1956 καλυπτήρ,

364 1964 502 2081 κρατήρ,
529 1963 713 2081 orscamp,
739 1963 919 2078 ἐλκυστήρ,
944 1963 1118 2081 λαμπτῆρ,
1145 1963 1275 2081 νιπτῆρ,
1301 1963 1443 2081 ξυστήρ,
1476 1965 1604 2083 κλιντῆρ
1632 1976 1718 2076 (pro
1745 1967 1851 2071 κλίνη)
1868 1970 1942 2071 ¹²⁵⁰),

363 2087 479 2204 ἀορτήρ
498 2141 537 2155 -
556 2121 649 2200 quae
676 2100 797 2169 omnia
824 2095 900 2170 fere
926 2099 1252 2170 instrumentorum
1277 2099 1426 2170 nomina
1453 2114 1549 2172 sunt.
1592 2097 1737 2172 Passive
1762 2100 1941 2199 interpre-

363 2219 515 2296 tandum
541 2235 595 2294 cst
621 2221 636 2290 ὃ
662 2209 789 2326 {adin-ab
815 2223 841 2293 i.
863 2203 896 2294 e.
918 2215 954 2293 ri
980 2210 1158 2310 {tibintuna
1184 2219 1369 2322 (Among),
1394 2215 1578 2298 actionem
1604 2219 1776 2296 describit
1793 2221 1808 2292 ὃ
1827 2247 1941 2310 καμπ-

364 2337 441 2454 ra'p,
467 2343 595 2417 flexus.
630 2387 670 2402 -
700 2341 839 2418 Neutra
865 2348 904 2418 in
929 2359 985 2436 tr,
1014 2343 1191 2446 simplicia
1220 2341 1390 2446 quidem,
1425 2347 1464 2418 in
1499 2345 1623 2448 lingua
1649 2343 1830 2421 Sanscrita
1865 2369 1941 2418 non

363 2471 597 2544 inveniuntur
613 2463 674 2567 ¹⁴¹)
706 2485 894 2543 servarunt
912 2467 1045 2542 Graeci
1069 2460 1106 2540 ri
1132 2457 1217 2574 ἦτορ,
1245 2465 1360 2569 quod,
1391 2494 1613 2570 quamquam
1640 2467 1864 2570 digammatis
1881 2493 1944 2543 ve·

362 2595 464 2694 stigio
490 2588 587 2693 apud
614 2591 817 2671 Homerum
842 2617 920 2664 non
943 2594 1199 2680 inveniuntur,
1235 2605 1357 2662 tamen
1389 2605 1489 2664 recte
1521 2591 1675 2666 sortasse
1701 2589 1746 2664 ad
1772 2593 1822 2666 υά
1847 2589 1945 2666 radi·

365 2741 443 2788 cem
463 2709 592 2811 (inani)
610 2711 810 2814 aBenaryo
821 2710 884 2810 ¹⁴²)
912 2712 1081 2804 refertur,
1112 2736 1187 2815 quo
1213 2711 1379 2786 similiter
1394 2716 1578 2814 pertinere
1596 2730 1719 2818 potest
1736 2731 1846 2817 atque
1864 2723 1942 2790 ani·

365 2861 445 2910 mus
471 2833 516 2910 ad
542 2833 621 2908 rad.
651 2858 719 2920 on,
752 2861 846 2937 quae
880 2834 1032 2910 eandem
1059 2833 1227 2938 spirandi¹
1245 2839 1438 2911 notionem
1463 2837 1576 2914 habet
1591 2837 1669 2932 143).
1723 2839 1783 2913 Ex
1813 2837 1944 2914 Latina
2026 2937 2030 2944 .

368 2975 490 3034 autem
515 2958 638 3060 lingua
660 2973 810 3061 gut-tur
834 2957 908 3032 huc
933 2963 1095 3061 pertinet
1121 2958 1222 3062 quod
1251 2961 1296 3034 ab
1316 2958 1444 3036 eadem
1455 2959 1557 3064 giras
1573 2961 1695 3040 radice
1712 2964 1848 3040 sactum
1867 2992 1944 3042 esse

365 3081 521 3174 ridetur,
552 3107 646 3184 quae
672 3085 711 3154 in
736 3071 868 3187 γαστήρ
894 3087 1132 3184 conspicitur.
1178 3083 1233 3156 Ea
1258 3087 1357 3158 enim
1381 3083 1599 3160 comedendi
1616 3092 1807 3164 notionem
1823 3090 1942 3166 habet

516 3205 594 3278 Iam
619 3229 708 3280 vero
735 3203 826 3277 haec
851 3207 1083 3296 terminati0,
1121 3208 1224 3279 cuius
1250 3209 1469 3308 primitivam
1495 3208 1652 3282 formam
1676 3212 1740 3286 trie·
1766 3240 1842 3288 esse
1869 3240 1945 3288 me-

364 3331 588 3420 minerimus,
617 3325 757 3428 duplici
781 3324 894 3400 modo
921 3341 1058 3400 mutata
1085 3343 1146 3401 est.
1187 3326 1363 3414 ‚Primum
1390 3355 1435 3404 ex
1459 3335 1686 3409 nominativo
1713 3361 1780 3428 eo,
1816 3341 1880 3440 qui
1905 3341 1945 3412 in

230 3513 234 3532 .
365 3453 550 3530 Sanscrito
584 3474 753 3524 sermone
787 3451 972 3524 invenitur
992 3450 1061 3533 td,
1101 3449 1284 3526 Graecum
1316 3481 1377 3536 ro,
1416 3483 1455 3540 τη
1495 3471 1617 3530 ortum
1640 3474 1728 3552 est,
1772 3459 1873 3564 quod
1906 3465 1945 3538 in

364 3581 519 3680 primam
544 3571 829 3648 declinationem
854 3576 1058 3648 transiit-
1080 3573 1182 3650 velut
1206 3579 1246 3650 in
1270 3569 1390 3664 ἠπύτα,
1417 3573 1543 3672 ἠχέτα,
1569 3578 1821 3692 νεφεληγερέτα,
1848 3585 1942 3670 aliis.

365 3827 413 3887 nia
433 3845 530 3888 secum
550 3835 665 3906 reputat
685 3835 715 3885 et
734 3837 880 3886 rement.
900 3857 940 3872 ·-
962 3825 1076 3887 Eodem
1098 3826 1185 3888 etiam
1206 3823 1394 3915 σμερδνὸς,
1415 3827 1634 3917 σμερδαλέος
1660 3835 1710 3914 (ex
1733 3836 1846 3920 integra
1870 3862 1944 3920 smr

337 3931 340 3940 “
366 3925 474 4004 forma)
493 3924 633 3986 trahenda
654 3945 716 3986 esse
737 3946 797 3987 non
818 3947 874 4008 pro
896 3937 979 3988 certo
1002 3927 1218 4002 contenderim
1239 3941 1374 4012 poterant
1392 3942 1490 3994 umen
1510 3931 1580 3996 baec
1601 3935 1734 3996 similiter
1754 3957 1787 3998 ar
1800 3929 1943 4026 μέρμερα-ς

307 4079 310 4086 ,
366 4049 382 4087 a
403 4025 577 4109 designanda
597 4045 630 4086 re
651 4025 836 4086 memorabili
858 4027 894 4086 ad
915 4039 1060 4089 terrorem
1082 4028 1266 4090 indicandum
1287 4032 1428 4093 converti.

423 4123 477 4206 ¹³⁹)
519 4147 579 4187 non
600 4125 779 4204 avolando,
804 4138 837 4186 ut
855 4127 1002 4210 Benaryur
1028 4128 1092 4190 vult
1111 4129 1146 4206 (l.
1168 4153 1194 4190 c.
1215 4153 1245 4212 p.
1256 4130 1359 4210 289.),
1383 4132 1519 4212 quoniam
1545 4145 1670 4216 utroque
1697 4137 1786 4200 modo
1809 4156 1864 4212 par
1891 4161 1942 4203 seu

361 4237 436 4302 path
462 4225 542 4287 radix
567 4239 735 4308 usurpatum
759 4226 858 4288 volatu
884 4229 961 4290 enim
982 4249 998 4289 a
1020 4229 1124 4290 ceteris
1149 4229 1247 4292 avibus
1273 4252 1371 4313 passer
1396 4253 1457 4294 non
1478 4233 1676 4318 distinguitur,
1702 4237 1754 4300 sed
1782 4259 1836 4316 eo,
1864 4243 1942 4322 quod

366 4328 445 4388 humi
465 4327 551 4404 solet,
573 4325 669 4388 eibum
689 4325 744 4388 sibi
766 4348 916 4408 quaerens,
937 4329 1086 4407 incedere,
1106 4342 1139 4390 ut
1159 4331 1198 4391 ita
1219 4331 1322 4410 dicam,
1344 4343 1375 4394 et
1395 4333 1514 4394 insilire.
1556 4336 1662 4397 Utrum
1682 4341 1866 4405 remaculum
1887 4363 1942 4404 no-

366 4449 448 4490 men:
469 4433 559 4504 Spar:
581 4449 598 4488 a
617 4427 767 4510 spatiando
788 4427 990 4491 deducendum
1010 4430 1058 4508 sit,
1079 4451 1115 4491 an
1137 4453 1171 4492 ex
1191 4443 1292 4494 vetere
1306 4456 1423 4508 sparvo,
1443 4433 1520 4496 unde
1534 4439 1675 4510 Sperline.
1697 4439 1841 4524 originem
1854 4443 1940 4503 duxe-

365 4528 421 4606 rit,
435 4529 544 4590 nescio.
1784 4584 1789 4594 .
1848 4539 1851 4544 “

423 4624 478 4707 ¹⁴⁰)
520 4625 568 4687 cf.
591 4627 726 4712 Geppert
745 4629 818 4690 fiber
840 4630 897 4691 den
917 4632 1072 4715 Urspnmg
1092 4631 1145 4693 der
1165 4632 1378 4695 Homeriscben
1399 4632 1544 4697 Gedicbte
1555 4635 1594 4696 11.
1615 4661 1644 4720 p.
1657 4639 1707 4702 93.
1724 4673 1764 4690 ·-
1778 4643 1885 4703 Buttm.
1901 4641 1939 4702 11.
2025 4691 2026 4695 ,

367 4749 431 4814 pag.
446 4721 517 4788 390.
1904 4741 1906 4748 ‘

424 4825 477 4908 ¹⁴¹)
520 4827 588 4887 vid.
609 4827 694 4910 Bopp
715 4831 781 4890 krit.
805 4829 933 4891 Gramm.
956 4832 986 4891 in
1006 4832 1143 4894 kiiraerer
1162 4833 1290 4914 Fassung
1309 4853 1339 4914 p.
1350 4831 1401 4894 75.

421 4925 477 5008 ¹⁴²)
518 4925 613 4987 Lautl.
624 4927 647 4986 1.
670 4951 698 5008 p.
711 4928 780 4991 174.

424 5026 485 5109 ¹⁴³),
520 5029 636 5090 Samcr.
658 5053 700 5087 on
722 5031 798 5091 enim
819 5052 874 5112 per
893 5032 1003 5113 spirare
1024 5033 1191 5115 explicatur,
1212 5032 1356 5098 Graecum
1377 5025 1478 5108 ἄνεμος
1498 5037 1576 5102 idem
1597 5039 1754 5102 confirmet.
