4444 5866
864 607 951 756 llo
1002 605 1166 754 verul
1220 610 1391 792 lullul

491 813 691 968 unu
734 821 944 968 exsulo
988 823 1047 968 ut
1089 821 1338 998 uertet
1380 823 1753 1003 unumve

1048 1087 1241 1206 Μή

916 1293 1146 1380 θεωρίαι
1184 1292 1384 1370 vnum
1490 1381 1492 1389 y

267 1545 352 1657 vlo.
380 1581 457 1658 llio.
487 1578 693 1680 Madvigius
719 1587 917 1677 postquam
944 1579 983 1652 iu
1011 1579 1227 1656 doctissime
1253 1581 1537 1678 dissertatione,
1572 1609 1686 1684 quam
1710 1587 1761 1660 de
1784 1585 1996 1664 formamur

269 1717 503 1816 quorundum
536 1715 644 1790 verbi
676 1715 781 1790 latini
804 1701 946 1790 nutura
970 1725 1009 1789 et
1031 1739 1100 1789 usu
1127 1715 1303 1814 seriptum
1332 1717 1373 1790 in
1405 1719 1595 1817 opusculis
1620 1721 1842 1796 eoademiois
1869 1722 1995 1799 alteris

268 1853 428 1928 Halisina
453 1852 602 1930 ..1844
617 1849 744 1944 edidit,
770 1851 887 1926 multa
904 1849 1060 1949 protulit
1071 1872 1174 1925 novu
1191 1849 1441 1949 vulgataeque
1457 1852 1788 1952 grammatioorum
1802 1855 1995 1932 doetrinae

269 1989 533 2090 repugnantia:
574 1986 775 2086 disputavit
806 1995 937 2060 ooutra
962 2011 1051 2061 eum
1077 1983 1174 2062 eod.
1200 1985 1440 2060 llermanuus
1472 1990 1514 2060 iu
1546 1988 1746 2085 prooemio
1777 1989 1994 2066 needemioo

269 2147 301 2198 a.
334 2125 433 2198 1844
463 2146 513 2198 eo
555 2121 657 2221 quod
688 2121 728 2194 iu
763 2120 846 2196 viro
884 2143 1033 2196 summo
1068 2141 1202 2195 omnes
1235 2119 1468 2196 admirantur
1498 2121 1638 2222 ingenii
1670 2123 1858 2202 momine.
1917 2127 1994 2202 Neo

218 2283 221 2290 ⁴
272 2257 432 2332 dubitari
473 2264 617 2356 potest,
650 2254 741 2352 quin
780 2251 959 2354 Madvigii
992 2251 1217 2328 seutentiam
1249 2261 1288 2325 et
1312 2253 1363 2326 de
1393 2253 1549 2347 futuris,
1582 2279 1679 2352 quine
1704 2255 1744 2330 iu
1769 2283 1813 2332 so
1838 2269 1995 2352 exeunt,

270 2415 368 2489 quaa
393 2391 460 2466 ille
483 2415 561 2464 non
582 2397 716 2464 exsotu
741 2387 809 2462 sed
835 2386 1018 2484 simplioie
1044 2409 1130 2462 esse
1156 2388 1420 2480 contenderat,
1448 2399 1487 2464 et
1511 2389 1560 2462 de
1586 2387 1833 2492 eonjunolivia
1858 2395 1899 2468 in
1921 2393 1995 2470 sisu

269 2537 307 2600 et
337 2521 451 2616 ee»,
484 2547 580 2622 quos
612 2521 768 2621 proprie
801 2544 878 2594 nou
904 2519 952 2594 ed
977 2519 1210 2620 perieulum,
1237 2522 1305 2596 sed
1331 2523 1379 2598 ad
1404 2521 1572 2598 inustum
1600 2533 1778 2602 exuetum
1801 2530 1993 2628 pertinere

269 2667 465 2756 posuerat,
510 2657 622 2756 plane
659 2655 893 2733 refutaverit.
975 2657 1054 2732 Sed
1088 2681 1205 2753 quum
1242 2657 1442 2758 preeuipne
1480 2659 1748 2760 siguifioetioue
1783 2661 1993 2740 formarum

269 2795 450 2870 subtiliter
474 2817 661 2892 perpensa
685 2791 860 2894 Madvigii
885 2791 1107 2890 opinionem
1140 2793 1251 2868 doute
1282 2817 1374 2870 sune
1400 2804 1439 2870 et
1463 2803 1570 2871 noste
1596 2795 1818 2894 defensum,
1856 2799 1992 2876 falsam

269 2941 396 3005 tamen
422 2953 506 3004 esse
532 2929 742 3022 docuisset,
778 2927 819 3001 in
842 2927 941 3025 i1sos
967 2935 1094 3000 eutem
1118 2925 1262 3002 formes
1287 2937 1326 3002 et
1351 2949 1483 3004 earum
1508 2929 1693 3030 originem
1717 2932 1842 3008 miuus
1867 2933 1994 3034 inqui-

270 3063 436 3156 sivisset,
462 3063 561 3137 hund
585 3062 654 3136 abs
679 3085 723 3134 ra
748 3061 873 3133 ristun
893 3071 972 3151 est,
995 3057 1120 3132 obluta
1145 3057 1216 3134 hae
1242 3061 1455 3154 oooasioue,
1482 3065 1664 3140 nonnulle
1688 3091 1786 3164 quae
1812 3069 1908 3142 milui
1931 3077 1994 3145 sut

270 3197 532 3298 praetermissa
544 3193 744 3272 autminus
756 3193 928 3270 verehao
942 3191 1991 3298 dareditputelaesseviderentur,iurnediumprolerre.

224 3403 230 3412 .
372 3335 441 3410 Est
465 3343 592 3410 eutem
618 3330 798 3430 queastio
826 3353 942 3427 quesn
965 3327 1075 3404 nobis
1100 3327 1380 3426 proposuimus,
1405 3331 1566 3430 duplex:
1593 3308 1632 3407 et
1656 3331 1704 3408 de
1725 3333 1868 3420 fismris.
1895 3362 1992 3434 quse

273 3473 311 3544 in
336 3497 379 3545 so
405 3469 555 3560 uadunt,
581 3477 620 3542 et
645 3467 697 3541 de
718 3461 976 3567 oonjunotivis,
1004 3461 1162 3559 quaein
1186 3460 1259 3536 se'su
1279 3471 1320 3538 et
1344 3463 1451 3540 αὑη.
1488 3467 1613 3564 Atque
1626 3475 1667 3542 ul
1687 3468 1735 3542 eh
1754 3467 1827 3546 illis
1845 3469 1992 3546 initium

270 3607 432 3699 noun,
456 3601 780 3704 prsemonendum
806 3609 882 3692 est,
915 3596 1223 3698 significationem
1253 3595 1464 3672 fos-mertun
1491 3599 1678 3700 Madvigio
1703 3603 1815 3700 plane
1841 3612 1991 3682 eontra·

269 3745 410 3818 dioere.
461 3739 539 3838 Ipsi
564 3737 681 3830 enim,
707 3759 934 3832 quemquem
950 3731 1080 3828 fone,
1104 3757 1198 3826 ono,
1226 3730 1406 3808 measse
1429 3733 1612 3832 simplicio
1636 3733 1759 3812 future
1784 3761 1870 3814 esse
1896 3761 1990 3814 ooa-

269 3877 406 3970 teudit‚
443 3873 562 3950 nihilo
596 3871 722 3946 minus
756 3869 1044 3946 eoncedendum
1076 3877 1179 3958 eret,
1210 3865 1351 3940 hebere
1380 3865 1689 3966 signifiostiouem
1713 3866 1828 3944 lutrrri
1849 3869 1986 3944 moti.

269 4015 318 4089 Et
348 4011 450 4112 quod
482 4010 606 4085 solum
640 4013 834 4104 supererat
866 4003 950 4077 viro
975 4001 1192 4076 deotissime
1217 3999 1423 4104 refugium,
1458 4003 1560 4100 quod
1589 4003 1696 4098 fuso
1729 4013 1768 4079 et
1798 4003 1987 4080 indicasse

269 4147 494 4248 quibusdum
519 4144 611 4219 louis
629 4139 807 4216 Plautinis
833 4139 1039 4236 antiquom,
1066 4159 1180 4235 quum
1198 4135 1325 4212 inesse
1341 4117 1497 4236 putavit,
1522 4135 1719 4214 notionem
1731 4136 1985 4236 retinuissent,

268 4285 343 4366 hoo
369 4284 417 4359 ab
441 4283 660 4355 Hermanno
687 4280 742 4373 (p.
761 4275 800 4367 9)
826 4273 1030 4350 resonum
1053 4279 1126 4349 est.
1183 4271 1326 4348 Verum
1356 4271 1395 4344 id
1427 4271 1679 4348 oonuedamus
1705 4281 1853 4371 oportet
1876 4275 1985 4352 Med-

271 4419 381 4520 vigio‚
407 4426 463 4509 ut,
488 4415 559 4489 nisi
584 4415 623 4487 in
650 4411 772 4486 lorma
797 4409 884 4483 insit
908 4407 1059 4504 aliquod
1085 4407 1243 4506 perleoti
1267 4407 1449 4506 temporis
1474 4407 1640 4508 signum,
1660 4407 1729 4484 vix
1753 4407 1860 4484 aliter
1884 4407 1983 4512 judi-

269 4553 346 4628 oori
383 4551 521 4650 possit,
562 4571 676 4646 quam
708 4545 756 4620 ab
788 4545 870 4642 ipso
903 4539 1108 4644 judiuetum
1140 4551 1219 4635 est,
1256 4541 1435 4616 nimiunn
1460 4541 1649 4616 transiisse
1669 4541 1735 4616 ille
1759 4542 1983 4640 pedatima

127 4711 134 4726 ·
269 4685 448 4786 simplicis
473 4685 522 4760 sd
547 4683 662 4758 lurturi
686 4680 810 4756 exaoti
834 4678 1151 4780 signifieatiouem.
1193 4679 1277 4752 lino
1294 4675 1396 4751 euim
1416 4685 1565 4772 tempus
1582 4673 1790 4750 seeundum
1809 4685 1981 4754 naturum

270 4847 376 4897 suam
409 4818 654 4896 derivandum
688 4825 768 4892 erat
798 4811 1035 4913 operiente,
1061 4813 1112 4887 ite
1137 4811 1310 4910 qssidem,
1344 4818 1385 4884 ul
1409 4805 1569 4906 perfeeti
1594 4809 1706 4909 stirps
1731 4807 1813 4907 egi,
1847 4822 1980 4915 steven

271 4981 356 5031 uum
391 4957 519 5031 futuro
550 4953 655 5028 verbi
682 4950 899 5028 snbstntivi
926 4975 1011 5044 ao,
1043 4959 1168 5042 ἔσομαι
1196 4941 1402 5042 oompnsita
1429 4939 1595 5018 offiosrnt
1620 4966 1743 5039 egero,
1770 4943 1977 5046 ιετύψομαι.

353 5071 370 5104 “’
727 5123 731 5130 ·
1670 5077 1687 5140 l
