4520 5896
1238 736 1350 804 14-

563 933 611 990 bin
635 934 682 1012 ich
706 934 779 988 auch
798 932 929 1004 hlitglied
953 933 1002 986 der
1026 930 1210 986 historischen
1234 929 1378 986 &minare
1400 932 1451 986 dor
1473 931 1581 988 Hersen
1606 933 1784 989 Professoren
1810 948 1835 984 v.
1855 930 1951 988 Giese·

564 1019 673 1086 brecht,
692 1018 864 1084 dunkmann,
883 1017 1012 1088 Droyaen
1031 1033 1166 1088 geweseu.
1201 1014 1287 1071 Allan
1305 1017 1401 1072 dass
1414 1017 1506 1072 Herm
1524 1017 1572 1073 hin
1590 1018 1637 1074 ich
1657 1035 1719 1072 sum
1733 1016 1950 1088 aufriohtigstsn

562 1103 646 1158 Dank
668 1101 862 1173 verpflichtet'
899 1102 1027 1158 Libellus
1049 1104 1111 1172 ejus
1133 1103 1175 1156 sio
1196 1102 1348 1172 inscriptus
1371 1111 1426 1158 est:
1449 1107 1503 1162 Die
1525 1115 1593 1162 erate
1612 1107 1699 1158 Plura
1717 1107 1764 1158 des
1781 1102 1950 1159 Aristander

563 1191 610 1243 der
629 1188 756 1242 Koraken
774 1196 852 1241 anter
870 1188 1043 1242 Olmielns'clri
1061 1190 1088 1240 in
1107 1191 1158 1266 ders
1175 1186 1278 1242 Jatren
1297 1194 1362 1242 1648
1374 1197 1439 1246 «49,

634 1272 879 1328 ALEXANDER
893 1269 1091 1329 EUGElilUS
1109 1269 1951 1332 Ronffluofnasussumuermsuuassneccxxxxvl

564 1369 648 1429 patre
667 1359 829 1414 Alexandro
847 1358 954 1412 levino
972 1358 1107 1426 Kblbing,
1126 1363 1215 1412 matre
1234 1359 1318 1413 Clusa
1333 1362 1457 1430 Amalia,
1476 1380 1492 1417 e
1510 1368 1593 1434 gente
1610 1359 1777 1414 Risleriana.
1799 1357 1951 1427 Postquam

562 1444 602 1499 ibi
629 1443 753 1498 scholam
783 1443 962 1498 vernaculam
991 1443 1183 1513 frequentavi,
1210 1459 1298 1498 annos
1326 1446 1473 1502 duodecim
1499 1454 1594 1514 ustus,
1621 1461 1640 1499 s
1667 1444 1830 1514 parentibus
1849 1442 1951 1512 paeda·

562 1529 660 1600 gogio‚
683 1529 757 1598 quod
777 1529 892 1585 Nislsiae
909 1528 1003 1594 floret,
1028 1527 1148 1581 traditus
1167 1544 1242 1590 sum,
1265 1529 1313 1584 ubi
1332 1549 1382 1602 por
1400 1542 1457 1588 tres
1475 1549 1563 1588 annos
1580 1533 1610 1585 in
1628 1530 1773 1585 elementis
1792 1535 1821 1584 et
1846 1529 1952 1582 latinae

562 1623 592 1670 et
616 1631 738 1685 graecae
764 1615 879 1684 linguae
903 1614 1030 1668 eruditus
1055 1628 1130 1677 sum,
1155 1617 1385 1684 praeceptoribus
1410 1636 1478 1673 usus
1502 1618 1607 1672 Bechio
1630 1621 1659 1670 et
1684 1615 1808 1680 Classio,
1834 1629 1950 1683 quorum

562 1700 712 1768 disciplina
737 1707 766 1753 et
788 1700 896 1754 ratione
919 1699 1037 1756 docendi
1060 1698 1242 1762 factumest,
1271 1709 1303 1754 ut
1321 1703 1381 1772 jam
1401 1702 1556 1773 puerilibus
1574 1701 1656 1756 annis
1673 1717 1768 1756 amore
1786 1701 1950 1767 scripturum

562 1792 589 1840 et
608 1791 762 1840 nostrorum
782 1791 811 1840 et
828 1784 1018 1848 classicorum,
1037 1800 1106 1853 quos
1124 1782 1251 1848 dicimus,
1273 1803 1388 1855 caperer
1406 1805 1490 1860 quam
1509 1786 1635 1842 marimo.
1669 1785 1715 1840 lbi
1734 1803 1783 1854 per
1795 1791 1852 1840 tres
1864 1799 1952 1838 anuos

564 1877 760 1936 commoratus,
779 1871 807 1923 in
827 1870 1005 1942 gymnasium
1026 1869 1226 1923 Budissiuense
1244 1873 1351 1939 transii,
1378 1876 1423 1929 cui
1442 1875 1603 1928 etiamnunc
1621 1879 1734 1940 praeest
1751 1870 1885 1932 Palmius,
1906 1868 1950 1924 vir

564 1958 592 2010 iu
611 1956 708 2025 primis
728 1956 836 2010 doctus.
872 1955 942 2025 Ejus
961 1956 1095 2026 auspiciis
1113 1971 1163 2026 per
1181 1958 1237 2008 tres
1256 1973 1342 2010 anuos
1361 1965 1389 2014 et
1404 1975 1450 2014 sex
1469 1975 1578 2012 menses
1590 1963 1671 2012 tanta
1684 1957 1828 2025 voluptate
1839 1969 1952 2024 operam

563 2059 652 2096 meam
677 2043 779 2098 litteris
797 2043 909 2106 usvavi,
928 2048 968 2106 ut,
987 2043 1090 2112 dignus
1103 2044 1227 2105 habitus,
1246 2042 1294 2110 qui
1312 2043 1349 2098 sd
1362 2044 1464 2098 altiora
1475 2043 1569 2097 studia
1582 2042 1761 2114 aggrederer,
1780 2040 1953 2111 philologiae

563 2128 681 2182 maxime
709 2144 753 2181 me
778 2127 880 2182 dodere
905 2129 1107 2184 constituerem.
1150 2131 1268 2200 Lipsiae
1293 2131 1382 2200 igitur
1407 2128 1502 2182 audivi
1521 2127 1710 2192 Absensium,
1731 2126 1953 2186 'Broclrhuaium

564 2212 700 2278 Curtium,
726 2212 934 2279 Drobischium,
957 2214 1102 2279 Ebertum,
1126 2216 1329 2280 Echsteiuium,
1350 2215 1546 2277 Fritsschium,
1564 2213 1718 2278 Klotsium,
1736 2210 1952 2275 Overbeckium‚

563 2297 762 2362 Ritschelium,
790 2296 973 2364 Schoenium,
998 2299 1177 2356 Zsruclrium.
1212 2301 1351 2357 Omnibus
1375 2307 1469 2356 autem
1487 2299 1522 2352 iis
1540 2300 1607 2352 viris
1629 2298 1810 2363 doctissimis,
1834 2312 1951 2366 quorum

564 2384 683 2436 scientia
703 2391 731 2436 et
750 2383 877 2436 doctrina
895 2401 945 2453 per
964 2385 1013 2438 hos
1032 2403 1120 2442 annos
1138 2387 1247 2442 fructus
1265 2403 1338 2453 sum,
1358 2402 1494 2440 summam
1513 2388 1634 2456 gratiam
1652 2385 1742 2438 habeo
1760 2389 1789 2436 et
1806 2397 1855 2450 per
1867 2387 1953 2434 totam

563 2468 648 2522 vitam
675 2468 802 2522 habebo!
838 2469 979 2524 Libellum
1007 2475 1149 2542 proposuit
1174 2474 1216 2528 sic
1238 2473 1417 2542 inscriptum:
1445 2472 1496 2524 Die
1516 2471 1667 2526 Nordisrhs
1686 2468 1878 2532 l’orairalruyu
1898 2468 1954 2518 und

563 2555 621 2608 ilre
644 2552 740 2612 (luetis.

638 2637 873 2694 FltlllllRlCUS
899 2639 1022 2696 OSCAR
1046 2643 1327 2700 FEllDlNANDUS
1345 2641 1500 2698 RUDOW.
1536 2641 1628 2696 Natus
1651 2646 1694 2694 eat
1715 2638 1956 2710 Eccardisbergae

564 2741 590 2778 a.
610 2721 811 2788 hlliCCOXL,
836 2727 933 2794 primia
957 2727 1110 2782 litteramm
1135 2729 1301 2784 rudimentis
1323 2729 1447 2784 imbutus
1464 2727 1579 2781 scholae
1596 2726 1665 2780 reali
1690 2726 1808 2780 Heleusi
1826 2725 1953 2780 traditus.

565 2813 635 2869 Cum
663 2817 760 2878 postea
788 2809 817 2862 in
847 2810 973 2866 scholam
1001 2813 1127 2882 ejusdem
1160 2816 1236 2869 urbis
1266 2815 1372 2868 latinae
1401 2818 1531 2882 receptus
1550 2818 1632 2866 esset
1655 2810 1810 2866 Ecksteinii
1834 2810 1953 2864 maxime

565 2896 717 2966 disciplina
735 2894 772 2948 ad
791 2895 892 2950 altiora
910 2897 1005 2952 studia
1022 2915 1052 2952 se
1071 2899 1217 2956 incitatum
1232 2897 1459 2970 esseprofitetur.
1484 2897 1585 2967 ltaque
1597 2913 1662 2952 vere
1674 2897 1741 2952 anni
1754 2894 1956 2952 nnoocnxl

566 2981 733 3034 maturitatis
764 2982 952 3038 testimonium
983 2983 1103 3052 adeptus
1134 2986 1253 3054 primum
1278 2986 1307 3038 in
1329 2984 1462 3048 tiniensi,
1489 2989 1551 3052 post
1576 2983 1606 3036 in
1630 2981 1771 3051 Lipsiensi
1797 2982 1953 3036 uuirertato

564 3072 683 3120 naturae
701 3065 836 3122 scientias
854 3083 967 3137 operam
985 3068 1069 3124 dedit.
1106 3069 1216 3125 Scholia
1233 3072 1274 3126 ibi
1293 3069 1414 3136 Girardi,
1439 3067 1587 3128 Selralleri,
1606 3067 1736 3132 Heintsii,
1754 3065 1956 3130 Knoblauohii,

564 3151 611 3206 hic
628 3151 791 3219 Erdmanni,
818 3152 964 3224 Poeppigi,
982 3156 1116 3222 Mettenii,
1136 3156 1303 3220 Troischlrii,
1322 3153 1446 3226 Seydelii
1464 3152 1600 3217 interluit,
1619 3152 1718 3208 relicta
1735 3158 1794 3206 tum
1812 3151 1958 3208 academia

564 3236 761 3292 Hammonium
786 3254 816 3292 ae
837 3238 967 3304 contulit,
991 3239 1041 3293 ubi
1060 3256 1122 3293 cum
1142 3257 1256 3296 munere
1274 3239 1467 3311 praeceptoria
1486 3238 1589 3292 rictum
1609 3237 1662 3292 sibi
1680 3244 1839 3308 quaereret,
1864 3249 1958 3292 museo

564 3323 706 3394 anologiro
724 3324 765 3378 uti
785 3323 885 3393 potuit.
922 3323 1006 3378 Nunc
1025 3323 1150 3380 Seesenii
1168 3325 1418 3380 Brunsvicensium
1436 3324 1466 3378 iu
1483 3322 1581 3376 schola
1599 3323 1715 3392 publica
1738 3322 1889 3392 discipulos
1914 3337 1958 3376 res

564 3409 706 3464 naturales
730 3410 820 3464 docet
838 3437 870 3448 —
889 3408 998 3464 Nomen
1025 3410 1228 3466 dissertationis
1246 3420 1302 3466 est:
1331 3411 1444 3478 Beitruy
1468 3425 1517 3462 zur
1536 3408 1681 3462 Kenntniss
1700 3410 1748 3462 der
1765 3409 1959 3477 Mollophuyen

494 3519 501 3530 ·
571 3498 634 3548 oder
653 3499 821 3564 latescerent

640 3579 838 3638 EUGENIUS
856 3579 993 3636 JULlUS
1010 3579 1159 3636 SlEliKE.
1190 3580 1353 3636 Saalleldsc
1370 3581 1400 3634 iu
1416 3579 1549 3636 Berussia
1561 3580 1691 3635 orientali
1707 3597 1732 3634 a.
1746 3577 1959 3634 thGCCXLV

568 3681 662 3737 natus,
671 3667 776 3737 judicis
788 3663 872 3729 filius,
886 3665 1274 3737 ingymuasiollegimontino
1283 3665 1514 3734 Palaeopolitano
1523 3673 1586 3736 post
1594 3666 1623 3720 in
1633 3663 1874 3736 Rastenburgensi
1885 3663 1957 3716 litte·

576 3769 668 3808 rarum
688 3753 826 3808 elementa
845 3751 961 3806 edoctus
980 3757 1030 3806 est.
1053 3749 1165 3806 Deinde
1181 3769 1230 3821 per
1243 3759 1375 3820 quattuor
1387 3767 1474 3806 annos
1485 3750 1515 3804 iu
1526 3751 1709 3808 universitate
1721 3749 1920 3821 Regimontina
1931 3747 1961 3802 in

567 3837 750 3909 philologiam
780 3843 807 3890 et
838 3836 993 3890 litterarum
1023 3836 1166 3890 historiam
1192 3837 1334 3915 incubuit,
1363 3852 1455 3905 neque
1480 3843 1575 3890 tamen
1598 3836 1745 3908 physicam
1769 3845 1798 3890 et
1821 3834 1960 3888 mathesin

573 3923 706 3992 neglexit.
731 3921 853 3976 Audivis
870 3922 943 3976 viros
962 3921 1136 3976 doctissimos
1155 3921 1323 3988 Rosenhain,
1342 3923 1417 3994 Aug.
1436 3921 1542 3990 linger,
1560 3921 1751 3988 Roaenlsrans,
1769 3919 1961 3984 Friedlliuder,

571 4007 670 4070 Lehrs,
688 4006 808 4069 Sebeda
832 4006 949 4070 dordan,
966 4006 1125 4070 Naumann,
1145 4007 1244 4074 Moser,
1264 4009 1366 4077 quibus
1385 4023 1475 4078 aeque
1492 4024 1528 4062 sc
1543 4005 1960 4076 Teehowiollastsnburgeusis

569 4091 711 4162 gymnasii
730 4093 867 4154 directuri,
885 4107 1045 4162 generoque
1063 4093 1124 4162 ejus
1136 4091 1354 4148 Schottmiillero
1371 4111 1402 4150 se
1417 4094 1608 4164 gratissimum
1620 4089 1775 4162 profitetur.
1799 4089 1961 4161 Regimonts'

567 4195 642 4232 nuno
661 4178 837 4250 dramaturgi
854 4193 969 4232 munere
986 4176 1122 4248 fungitur.
1143 4209 1174 4216 —-
1194 4177 1323 4234 Libellus
1341 4179 1403 4248 ejus
1420 4179 1595 4236 inscribitnrr
1638 4179 1750 4248 haring
1775 4177 1817 4228 air
1834 4176 1961 4244 copulen-

569 4264 616 4316 der
633 4263 817 4316 Dromuuler.

638 4347 936 4404 MAXlMlLlANUS
955 4346 1162 4404 GUSTAVUS
1180 4347 1370 4404 GROEBER
1407 4349 1532 4420 ‘Lipsiae
1554 4367 1579 4404 a.
1606 4351 1632 4404 d.
1652 4349 1700 4404 lV.
1719 4347 1790 4404 Non.
1809 4347 1877 4416 llaj.
1895 4345 1962 4400 anui

568 4432 798 4490 Mlluccxusv
817 4441 898 4503 patre
917 4433 1075 4488 Christiano
1086 4434 1238 4502 Friderico,
1256 4435 1435 4508 typographo
1447 4444 1476 4490 et
1488 4435 1674 4506 lithographo,
1693 4443 1783 4488 matre
1795 4432 1928 4490 Johanua
1944 4447 1960 4486 e

568 4527 654 4590 gente
667 4518 831 4572 Gerchiana
848 4527 933 4572 uatus
952 4527 1001 4572 est.
1029 4520 1130 4574 Primis
1151 4520 1294 4576 literarum
1313 4522 1460 4578 elementis
1478 4521 1515 4576 ab
1533 4521 1645 4589 optimis
1664 4520 1740 4587 viris,
1758 4520 1806 4589 qui
1824 4519 1853 4572 iu
1866 4518 1961 4574 schola

569 4605 669 4674 patris,
688 4621 762 4674 quae
775 4603 811 4658 K.
824 4603 1009 4658 Ramshornio
1022 4612 1128 4660 rectore
1140 4607 1302 4662 etiamnunc
1313 4606 1400 4672 floret,
1421 4607 1619 4677 magistrorum
1631 4621 1746 4662 munere
1758 4604 1960 4676 iungebantur,

569 4691 714 4744 institutus
732 4707 802 4760 puer
819 4689 890 4744 XlV
909 4707 1052 4754 annorum,
1070 4707 1156 4760 quum
1174 4693 1417 4748 vehementissimo
1435 4693 1581 4748 literamm
1601 4691 1699 4746 ardore
1718 4690 1849 4746 incensus
1861 4703 1960 4752 msem,

569 4775 720 4830 venerandi
739 4773 848 4832 Ottonis
867 4776 1001 4832 Klemmii
1025 4776 1160 4832 tabernae
1179 4779 1326 4845 librariae,
1350 4785 1381 4833 ut
1399 4785 1480 4848 pater
1498 4777 1602 4846 voluit,
1625 4778 1757 4832 alumnus
1780 4776 1874 4830 iactus
1891 4791 1961 4830 sum.
