<?xml version="1.0" encoding="UTF-8"?>
<!DOCTYPE html PUBLIC "-//W3C//DTD XHTML 1.0 Transitional//EN"
    "http://www.w3.org/TR/xhtml1/DTD/xhtml1-transitional.dtd">
<html xmlns="http://www.w3.org/1999/xhtml" xml:lang="en" lang="en">
 <head>
  <title>
</title>
<meta http-equiv="Content-Type" content="text/html;charset=utf-8" />
  <meta name='ocr-system' content='tesseract 3.04.00' />
  <meta name='ocr-capabilities' content='ocr_page ocr_carea ocr_par ocr_line ocrx_word'/>
</head>
<body>
  <div class='ocr_page' id='page_1' title='image "./denominumgraeco00curtgoog_0019.png"; bbox 0 0 4532 5882; ppageno 0'>
   <div class='ocr_carea' id='block_1_1' title="bbox 1155 515 1182 602">
    <p class='ocr_par' dir='ltr' id='par_1_1' title="bbox 1155 515 1182 602">
     <span class='ocr_line' id='line_1_1' title="bbox 1155 515 1182 602; baseline 0 0"><span class='ocrx_word' id='word_1_1' title='bbox 1155 515 1182 602; x_wconf 82' lang='lat'>2</span> 
     </span>
    </p>
   </div>
   <div class='ocr_carea' id='block_1_2' title="bbox 276 724 1995 4440">
    <p class='ocr_par' dir='ltr' id='par_1_2' title="bbox 276 724 1995 4440">
     <span class='ocr_line' id='line_1_2' title="bbox 380 724 1952 836; baseline -0.004 -26"><span class='ocrx_word' id='word_1_2' title='bbox 380 737 451 810; x_wconf 88' lang='lat' dir='ltr'><strong>rias</strong></span> <span class='ocrx_word' id='word_1_3' title='bbox 476 735 642 836; x_wconf 82' lang='lat' dir='ltr'><strong>regiones</strong></span> <span class='ocrx_word' id='word_1_4' title='bbox 669 729 901 805; x_wconf 82' lang='lat' dir='ltr'><strong>decurrentes</strong></span> <span class='ocrx_word' id='word_1_5' title='bbox 925 753 1004 802; x_wconf 93' lang='lat' dir='ltr'><strong>non</strong></span> <span class='ocrx_word' id='word_1_6' title='bbox 1030 725 1182 802; x_wconf 83' lang='lat' dir='ltr'><strong>dicimus</strong></span> <span class='ocrx_word' id='word_1_7' title='bbox 1209 724 1364 804; x_wconf 88' lang='lat' dir='ltr'><strong>derivari</strong></span> <span class='ocrx_word' id='word_1_8' title='bbox 1389 753 1410 802; x_wconf 90' lang='lat' dir='ltr'><strong>a</strong></span> <span class='ocrx_word' id='word_1_9' title='bbox 1435 725 1559 820; x_wconf 87' lang='lat' dir='ltr'><strong>fonte,</strong></span> <span class='ocrx_word' id='word_1_10' title='bbox 1588 726 1652 803; x_wconf 91' lang='lat' dir='ltr'><strong>sed</strong></span> <span class='ocrx_word' id='word_1_11' title='bbox 1680 756 1792 833; x_wconf 87' lang='lat' dir='ltr'><strong>quum</strong></span> <span class='ocrx_word' id='word_1_12' title='bbox 1820 755 1864 805; x_wconf 84' lang='lat' dir='ltr'><strong>ex</strong></span> <span class='ocrx_word' id='word_1_13' title='bbox 1889 756 1952 806; x_wconf 91' lang='lat' dir='ltr'><strong>na-</strong></span> 
     </span>
     <span class='ocr_line' id='line_1_3' title="bbox 379 851 1952 958; baseline -0.004 -24"><span class='ocrx_word' id='word_1_14' title='bbox 379 857 489 934; x_wconf 86' lang='lat' dir='ltr'><strong>turali</strong></span> <span class='ocrx_word' id='word_1_15' title='bbox 512 856 617 934; x_wconf 90' lang='lat' dir='ltr'><strong>alveo</strong></span> <span class='ocrx_word' id='word_1_16' title='bbox 635 856 756 958; x_wconf 88' lang='lat' dir='ltr'><strong>aliqua</strong></span> <span class='ocrx_word' id='word_1_17' title='bbox 780 853 938 928; x_wconf 91' lang='lat' dir='ltr'><strong>fluminis</strong></span> <span class='ocrx_word' id='word_1_18' title='bbox 957 851 1048 956; x_wconf 61' lang='lat' dir='ltr'><strong>&#39;pars</strong></span> <span class='ocrx_word' id='word_1_19' title='bbox 1073 856 1113 926; x_wconf 94' lang='lat' dir='ltr'><strong>in</strong></span> <span class='ocrx_word' id='word_1_20' title='bbox 1137 851 1275 928; x_wconf 85' lang='lat' dir='ltr'><strong>rivulos</strong></span> <span class='ocrx_word' id='word_1_21' title='bbox 1301 851 1481 955; x_wconf 83' lang='lat' dir='ltr'><strong>quosdam</strong></span> <span class='ocrx_word' id='word_1_22' title='bbox 1506 853 1707 956; x_wconf 84' lang='lat' dir='ltr'><strong>peculiares</strong></span> <span class='ocrx_word' id='word_1_23' title='bbox 1735 851 1952 946; x_wconf 86' lang='lat' dir='ltr'><strong>deflectitur,</strong></span> 
     </span>
     <span class='ocr_line' id='line_1_4' title="bbox 379 975 1956 1080; baseline -0.003 -24"><span class='ocrx_word' id='word_1_24' title='bbox 379 983 475 1057; x_wconf 91' lang='lat' dir='ltr'><strong>hanc</strong></span> <span class='ocrx_word' id='word_1_25' title='bbox 500 980 697 1058; x_wconf 85' lang='lat' dir='ltr'><strong>derivatam</strong></span> <span class='ocrx_word' id='word_1_26' title='bbox 722 995 820 1054; x_wconf 90' lang='lat' dir='ltr'><strong>recte</strong></span> <span class='ocrx_word' id='word_1_27' title='bbox 847 977 1087 1080; x_wconf 87' lang='lat' dir='ltr'><strong>appellamus.</strong></span> <span class='ocrx_word' id='word_1_28' title='bbox 1128 975 1273 1053; x_wconf 86' lang='lat' dir='ltr'><strong>Eodem</strong></span> <span class='ocrx_word' id='word_1_29' title='bbox 1298 1004 1366 1052; x_wconf 90' lang='lat' dir='ltr'><strong>nos</strong></span> <span class='ocrx_word' id='word_1_30' title='bbox 1385 977 1613 1052; x_wconf 90' lang='lat' dir='ltr'><strong>Graecorum</strong></span> <span class='ocrx_word' id='word_1_31' title='bbox 1639 983 1956 1080; x_wconf 88' lang='lat' dir='ltr'><strong>grammaticorum</strong></span> 
     </span>
     <span class='ocr_line' id='line_1_5' title="bbox 381 1099 1957 1206; baseline -0.003 -24"><span class='ocrx_word' id='word_1_32' title='bbox 381 1106 547 1182; x_wconf 87' lang='lat' dir='ltr'><strong>definitio</strong></span> <span class='ocrx_word' id='word_1_33' title='bbox 574 1104 686 1180; x_wconf 89' lang='lat' dir='ltr'><strong>ducit.</strong></span> <span class='ocrx_word' id='word_1_34' title='bbox 731 1101 827 1176; x_wconf 88' lang='lat' dir='ltr'><strong>Nam</strong></span> <span class='ocrx_word' id='word_1_35' title='bbox 854 1129 967 1205; x_wconf 89' lang='lat' dir='ltr'><strong>quum</strong></span> <span class='ocrx_word' id='word_1_36' title='bbox 993 1099 1132 1176; x_wconf 85' lang='lat' dir='ltr'><strong>radices</strong></span> <span class='ocrx_word' id='word_1_37' title='bbox 1157 1127 1226 1204; x_wconf 88' lang='lat' dir='ltr'><strong>per</strong></span> <span class='ocrx_word' id='word_1_38' title='bbox 1250 1127 1288 1176; x_wconf 88' lang='lat' dir='ltr'><strong>se</strong></span> <span class='ocrx_word' id='word_1_39' title='bbox 1314 1128 1392 1176; x_wconf 90' lang='lat' dir='ltr'><strong>non</strong></span> <span class='ocrx_word' id='word_1_40' title='bbox 1409 1105 1651 1194; x_wconf 87' lang='lat' dir='ltr'><strong>inveniantur,</strong></span> <span class='ocrx_word' id='word_1_41' title='bbox 1681 1101 1743 1177; x_wconf 89' lang='lat' dir='ltr'><strong>sed</strong></span> <span class='ocrx_word' id='word_1_42' title='bbox 1762 1120 1803 1178; x_wconf 93' lang='lat' dir='ltr'><strong>ut</strong></span> <span class='ocrx_word' id='word_1_43' title='bbox 1820 1119 1957 1206; x_wconf 90' lang='lat' dir='ltr'><strong>puncta</strong></span> 
     </span>
     <span class='ocr_line' id='line_1_6' title="bbox 380 1211 1956 1333; baseline -0.003 -26"><span class='ocrx_word' id='word_1_44' title='bbox 380 1232 543 1307; x_wconf 89' lang='lat' dir='ltr'><strong>lineaeve</strong></span> <span class='ocrx_word' id='word_1_45' title='bbox 561 1235 600 1304; x_wconf 93' lang='lat' dir='ltr'><strong>in</strong></span> <span class='ocrx_word' id='word_1_46' title='bbox 615 1211 784 1320; x_wconf 84' lang='lat' dir='ltr'><strong>mathesi,</strong></span> <span class='ocrx_word' id='word_1_47' title='bbox 813 1243 855 1301; x_wconf 89' lang='lat' dir='ltr'><strong>ut</strong></span> <span class='ocrx_word' id='word_1_48' title='bbox 868 1253 951 1300; x_wconf 93' lang='lat' dir='ltr'><strong>cum</strong></span> <span class='ocrx_word' id='word_1_49' title='bbox 961 1225 1160 1301; x_wconf 86' lang='lat' dir='ltr'><strong>Aristotele</strong></span> <span class='ocrx_word' id='word_1_50' title='bbox 1173 1225 1316 1328; x_wconf 88' lang='lat' dir='ltr'><strong>loquar,</strong></span> <span class='ocrx_word' id='word_1_51' title='bbox 1344 1226 1415 1299; x_wconf 80' lang='grc' dir='ltr'><strong>κατ’</strong></span> <span class='ocrx_word' id='word_1_52' title='bbox 1442 1221 1612 1333; x_wconf 74' lang='grc' dir='ltr'><strong><em>ἀφαίρεσιν</em></strong></span> <span class='ocrx_word' id='word_1_53' title='bbox 1625 1243 1766 1302; x_wconf 88' lang='lat' dir='ltr'><strong>tantum</strong></span> <span class='ocrx_word' id='word_1_54' title='bbox 1779 1231 1863 1320; x_wconf 90' lang='lat' dir='ltr'><strong>sint,</strong></span> <span class='ocrx_word' id='word_1_55' title='bbox 1894 1252 1956 1302; x_wconf 91' lang='lat' dir='ltr'><strong>eae</strong></span> 
     </span>
     <span class='ocr_line' id='line_1_7' title="bbox 382 1341 1967 1462; baseline -0.003 -32"><span class='ocrx_word' id='word_1_56' title='bbox 382 1353 529 1430; x_wconf 89' lang='lat' dir='ltr'><strong>demum</strong></span> <span class='ocrx_word' id='word_1_57' title='bbox 554 1354 679 1462; x_wconf 66' lang='grc' dir='ltr'><em>πρῶται</em></span> <span class='ocrx_word' id='word_1_58' title='bbox 703 1344 828 1434; x_wconf 69' lang='grc' dir='ltr'><strong><em>θέσεις,</em></strong></span> <span class='ocrx_word' id='word_1_59' title='bbox 854 1350 915 1430; x_wconf 84' lang='grc'><strong>111</strong></span> <span class='ocrx_word' id='word_1_60' title='bbox 940 1341 1141 1460; x_wconf 72' lang='grc' dir='ltr'>πρωτότυπα</span> <span class='ocrx_word' id='word_1_61' title='bbox 1164 1353 1289 1426; x_wconf 91' lang='lat' dir='ltr'><strong>vocari</strong></span> <span class='ocrx_word' id='word_1_62' title='bbox 1313 1341 1481 1452; x_wconf 85' lang='lat' dir='ltr'><strong>possunt,</strong></span> <span class='ocrx_word' id='word_1_63' title='bbox 1511 1377 1604 1454; x_wconf 92' lang='lat' dir='ltr'><strong>quae</strong></span> <span class='ocrx_word' id='word_1_64' title='bbox 1629 1377 1651 1424; x_wconf 87' lang='lat' dir='ltr'><strong>a</strong></span> <span class='ocrx_word' id='word_1_65' title='bbox 1677 1350 1798 1427; x_wconf 89' lang='lat' dir='ltr'><strong>radice</strong></span> <span class='ocrx_word' id='word_1_66' title='bbox 1820 1377 1967 1454; x_wconf 74' lang='lat' dir='ltr'><strong>propa·</strong></span> 
     </span>
     <span class='ocr_line' id='line_1_8' title="bbox 381 1465 1959 1583; baseline -0.004 -28"><span class='ocrx_word' id='word_1_67' title='bbox 381 1497 461 1583; x_wconf 90' lang='lat' dir='ltr'><strong>gata</strong></span> <span class='ocrx_word' id='word_1_68' title='bbox 493 1483 532 1553; x_wconf 94' lang='lat' dir='ltr'><strong>in</strong></span> <span class='ocrx_word' id='word_1_69' title='bbox 565 1493 699 1552; x_wconf 90' lang='lat' dir='ltr'><strong>certam</strong></span> <span class='ocrx_word' id='word_1_70' title='bbox 734 1472 918 1578; x_wconf 91' lang='lat' dir='ltr'><strong>quandam</strong></span> <span class='ocrx_word' id='word_1_71' title='bbox 949 1475 1105 1550; x_wconf 91' lang='lat' dir='ltr'><strong>sormam</strong></span> <span class='ocrx_word' id='word_1_72' title='bbox 1133 1465 1265 1574; x_wconf 78' lang='grc' dir='ltr'>(τόπον)</span> <span class='ocrx_word' id='word_1_73' title='bbox 1300 1473 1446 1549; x_wconf 91' lang='lat' dir='ltr'><strong>redacta</strong></span> <span class='ocrx_word' id='word_1_74' title='bbox 1479 1491 1576 1550; x_wconf 90' lang='lat' dir='ltr'><strong>sunt.</strong></span> <span class='ocrx_word' id='word_1_75' title='bbox 1633 1473 1849 1551; x_wconf 90' lang='lat' dir='ltr'><strong>Cuiusmodi</strong></span> <span class='ocrx_word' id='word_1_76' title='bbox 1874 1491 1959 1549; x_wconf 87' lang='lat' dir='ltr'><strong>sunt</strong></span> 
     </span>
     <span class='ocr_line' id='line_1_9' title="bbox 382 1597 1958 1702; baseline -0.004 -24"><span class='ocrx_word' id='word_1_77' title='bbox 382 1620 418 1678; x_wconf 91' lang='lat' dir='ltr'><strong>et</strong></span> <span class='ocrx_word' id='word_1_78' title='bbox 441 1604 640 1680; x_wconf 88' lang='lat' dir='ltr'><strong>verborum</strong></span> <span class='ocrx_word' id='word_1_79' title='bbox 665 1603 784 1677; x_wconf 89' lang='lat' dir='ltr'><strong>variae</strong></span> <span class='ocrx_word' id='word_1_80' title='bbox 797 1597 951 1674; x_wconf 76' lang='lat' dir='ltr'><strong>&#39;formae</strong></span> <span class='ocrx_word' id='word_1_81' title='bbox 978 1615 1015 1674; x_wconf 90' lang='lat' dir='ltr'><strong>et</strong></span> <span class='ocrx_word' id='word_1_82' title='bbox 1040 1602 1232 1674; x_wconf 92' lang='lat' dir='ltr'><strong>nominum</strong></span> <span class='ocrx_word' id='word_1_83' title='bbox 1258 1597 1432 1674; x_wconf 90' lang='lat' dir='ltr'><strong>themata.</strong></span> <span class='ocrx_word' id='word_1_84' title='bbox 1480 1597 1712 1702; x_wconf 86' lang='lat' dir='ltr'><strong>Quamquam</strong></span> <span class='ocrx_word' id='word_1_85' title='bbox 1732 1603 1830 1674; x_wconf 91' lang='lat' dir='ltr'><strong>enim</strong></span> <span class='ocrx_word' id='word_1_86' title='bbox 1845 1601 1958 1676; x_wconf 92' lang='lat' dir='ltr'><strong>verba</strong></span> 
     </span>
     <span class='ocr_line' id='line_1_10' title="bbox 380 1721 1960 1830; baseline -0.004 -27"><span class='ocrx_word' id='word_1_87' title='bbox 380 1727 494 1803; x_wconf 90' lang='lat' dir='ltr'><strong>radici</strong></span> <span class='ocrx_word' id='word_1_88' title='bbox 518 1729 695 1830; x_wconf 90' lang='lat' dir='ltr'><strong>propiora</strong></span> <span class='ocrx_word' id='word_1_89' title='bbox 720 1740 805 1798; x_wconf 92' lang='lat' dir='ltr'><strong>sunt</strong></span> <span class='ocrx_word' id='word_1_90' title='bbox 836 1751 902 1820; x_wconf 90' lang='lat' dir='ltr'><strong>eo,</strong></span> <span class='ocrx_word' id='word_1_91' title='bbox 937 1721 1039 1827; x_wconf 86' lang='lat' dir='ltr'><strong>quod</strong></span> <span class='ocrx_word' id='word_1_92' title='bbox 1072 1727 1111 1798; x_wconf 92' lang='lat' dir='ltr'><strong>in</strong></span> <span class='ocrx_word' id='word_1_93' title='bbox 1142 1727 1185 1798; x_wconf 92' lang='lat' dir='ltr'><strong>iis</strong></span> <span class='ocrx_word' id='word_1_94' title='bbox 1216 1750 1455 1827; x_wconf 90' lang='lat' dir='ltr'><strong>personarum</strong></span> <span class='ocrx_word' id='word_1_95' title='bbox 1485 1727 1584 1827; x_wconf 88' lang='lat' dir='ltr'><strong>signa</strong></span> <span class='ocrx_word' id='word_1_96' title='bbox 1615 1727 1687 1827; x_wconf 90' lang='lat' dir='ltr'><strong>ipsi</strong></span> <span class='ocrx_word' id='word_1_97' title='bbox 1717 1721 1830 1798; x_wconf 88' lang='lat' dir='ltr'><strong>radici</strong></span> <span class='ocrx_word' id='word_1_98' title='bbox 1861 1721 1960 1826; x_wconf 78' lang='lat' dir='ltr'><strong>affigi</strong></span> 
     </span>
     <span class='ocr_line' id='line_1_11' title="bbox 381 1843 1959 1957; baseline -0.003 -31"><span class='ocrx_word' id='word_1_99' title='bbox 381 1867 537 1956; x_wconf 89' lang='lat' dir='ltr'><strong>possunt</strong></span> <span class='ocrx_word' id='word_1_100' title='bbox 556 1843 730 1949; x_wconf 64' lang='grc' dir='ltr'><strong>’(φη-μ1);</strong></span> <span class='ocrx_word' id='word_1_101' title='bbox 758 1865 882 1923; x_wconf 90' lang='lat' dir='ltr'><strong>tamen</strong></span> <span class='ocrx_word' id='word_1_102' title='bbox 919 1844 1100 1922; x_wconf 85' lang='lat' dir='ltr'><strong>eiusmodi</strong></span> <span class='ocrx_word' id='word_1_103' title='bbox 1134 1851 1242 1923; x_wconf 88' lang='lat' dir='ltr'><strong>etiam</strong></span> <span class='ocrx_word' id='word_1_104' title='bbox 1267 1852 1417 1924; x_wconf 90' lang='lat' dir='ltr'><strong>nomina</strong></span> <span class='ocrx_word' id='word_1_105' title='bbox 1444 1863 1597 1942; x_wconf 85' lang='lat' dir='ltr'><strong>exstant,</strong></span> <span class='ocrx_word' id='word_1_106' title='bbox 1625 1849 1729 1926; x_wconf 90' lang='lat' dir='ltr'><strong>velut</strong></span> <span class='ocrx_word' id='word_1_107' title='bbox 1754 1843 1886 1957; x_wconf 68' lang='grc' dir='ltr'><strong><em>φρίκ-σ,</em></strong></span> <span class='ocrx_word' id='word_1_108' title='bbox 1917 1851 1959 1922; x_wconf 92' lang='lat' dir='ltr'><strong>in</strong></span> 
     </span>
     <span class='ocr_line' id='line_1_12' title="bbox 381 1971 1960 2079; baseline -0.003 -29"><span class='ocrx_word' id='word_1_109' title='bbox 381 2001 459 2079; x_wconf 90' lang='lat' dir='ltr'><strong>quo</strong></span> <span class='ocrx_word' id='word_1_110' title='bbox 484 2001 510 2050; x_wconf 84' lang='lat' dir='ltr'><strong>r</strong></span> <span class='ocrx_word' id='word_1_111' title='bbox 524 1975 750 2050; x_wconf 79' lang='lat' dir='ltr'><strong>¹nominativi</strong></span> <span class='ocrx_word' id='word_1_112' title='bbox 773 1975 967 2078; x_wconf 90' lang='lat' dir='ltr'><strong>proprium</strong></span> <span class='ocrx_word' id='word_1_113' title='bbox 993 1977 1070 2047; x_wconf 90' lang='lat' dir='ltr'><strong>sine</strong></span> <span class='ocrx_word' id='word_1_114' title='bbox 1096 1972 1207 2048; x_wconf 89' lang='lat' dir='ltr'><strong>ullius</strong></span> <span class='ocrx_word' id='word_1_115' title='bbox 1232 1971 1354 2047; x_wconf 84' lang='lat' dir='ltr'><strong>suffixi</strong></span> <span class='ocrx_word' id='word_1_116' title='bbox 1369 1977 1444 2076; x_wconf 86' lang='lat' dir='ltr'><strong>&#39;ope</strong></span> <span class='ocrx_word' id='word_1_117' title='bbox 1461 1972 1575 2048; x_wconf 88' lang='lat' dir='ltr'><strong>radici</strong></span> <span class='ocrx_word' id='word_1_118' title='bbox 1592 1971 1750 2068; x_wconf 79' lang='lat' dir='ltr'><strong>additur,</strong></span> <span class='ocrx_word' id='word_1_119' title='bbox 1779 1977 1829 2048; x_wconf 85' lang='lat' dir='ltr'><strong>ita</strong></span> <span class='ocrx_word' id='word_1_120' title='bbox 1853 1987 1896 2046; x_wconf 87' lang='lat' dir='ltr'><strong>ut</strong></span> <span class='ocrx_word' id='word_1_121' title='bbox 1920 1975 1960 2046; x_wconf 94' lang='lat' dir='ltr'><strong>in</strong></span> 
     </span>
     <span class='ocr_line' id='line_1_13' title="bbox 379 2095 1957 2200; baseline -0.003 -26"><span class='ocrx_word' id='word_1_122' title='bbox 379 2100 454 2175; x_wconf 92' lang='lat' dir='ltr'><strong>hoc</strong></span> <span class='ocrx_word' id='word_1_123' title='bbox 478 2102 629 2176; x_wconf 90' lang='lat' dir='ltr'><strong>nomine</strong></span> <span class='ocrx_word' id='word_1_124' title='bbox 652 2098 790 2192; x_wconf 90' lang='lat' dir='ltr'><strong>thema,</strong></span> <span class='ocrx_word' id='word_1_125' title='bbox 819 2124 885 2174; x_wconf 87' lang='lat' dir='ltr'><strong>seu</strong></span> <span class='ocrx_word' id='word_1_126' title='bbox 909 2095 946 2171; x_wconf 91' lang='lat' dir='ltr'><strong>id</strong></span> <span class='ocrx_word' id='word_1_127' title='bbox 975 2095 1077 2200; x_wconf 79' lang='lat' dir='ltr'><strong>qu&#39;od</strong></span> <span class='ocrx_word' id='word_1_128' title='bbox 1104 2100 1245 2174; x_wconf 90' lang='lat' dir='ltr'><strong>abiecta</strong></span> <span class='ocrx_word' id='word_1_129' title='bbox 1263 2125 1364 2174; x_wconf 92' lang='lat' dir='ltr'><strong>casus</strong></span> <span class='ocrx_word' id='word_1_130' title='bbox 1377 2102 1634 2174; x_wconf 85' lang='lat' dir='ltr'><strong>terminatione</strong></span> <span class='ocrx_word' id='word_1_131' title='bbox 1650 2115 1827 2194; x_wconf 83' lang='lat' dir='ltr'><strong>remanet,</strong></span> <span class='ocrx_word' id='word_1_132' title='bbox 1856 2122 1877 2170; x_wconf 94' lang='lat' dir='ltr'><strong>a</strong></span> <span class='ocrx_word' id='word_1_133' title='bbox 1900 2121 1957 2170; x_wconf 89' lang='lat' dir='ltr'><strong>ra·</strong></span> 
     </span>
     <span class='ocr_line' id='line_1_14' title="bbox 380 2221 1956 2326; baseline -0.003 -26"><span class='ocrx_word' id='word_1_134' title='bbox 380 2224 462 2300; x_wconf 87' lang='lat' dir='ltr'><strong>dice</strong></span> <span class='ocrx_word' id='word_1_135' title='bbox 487 2247 566 2300; x_wconf 90' lang='lat' dir='ltr'><strong>non</strong></span> <span class='ocrx_word' id='word_1_136' title='bbox 592 2221 844 2326; x_wconf 80' lang='lat' dir='ltr'><strong>distinguatur.</strong></span> <span class='ocrx_word' id='word_1_137' title='bbox 897 2221 943 2296; x_wconf 96' lang='lat' dir='ltr'><strong>In</strong></span> <span class='ocrx_word' id='word_1_138' title='bbox 975 2221 1054 2297; x_wconf 90' lang='lat' dir='ltr'><strong>aliis</strong></span> <span class='ocrx_word' id='word_1_139' title='bbox 1086 2239 1209 2298; x_wconf 89' lang='lat' dir='ltr'><strong>autem</strong></span> <span class='ocrx_word' id='word_1_140' title='bbox 1240 2222 1368 2298; x_wconf 89' lang='lat' dir='ltr'><strong>formis</strong></span> <span class='ocrx_word' id='word_1_141' title='bbox 1402 2239 1440 2298; x_wconf 89' lang='lat' dir='ltr'><strong>et</strong></span> <span class='ocrx_word' id='word_1_142' title='bbox 1470 2225 1586 2302; x_wconf 89' lang='lat' dir='ltr'><strong>verbo</strong></span> <span class='ocrx_word' id='word_1_143' title='bbox 1620 2226 1719 2301; x_wconf 88' lang='lat' dir='ltr'><strong>varia</strong></span> <span class='ocrx_word' id='word_1_144' title='bbox 1751 2236 1956 2326; x_wconf 87' lang='lat' dir='ltr'><strong>augmenta,</strong></span> 
     </span>
     <span class='ocr_line' id='line_1_15' title="bbox 379 2345 1959 2454; baseline -0.002 -29"><span class='ocrx_word' id='word_1_145' title='bbox 379 2366 604 2454; x_wconf 84' lang='lat' dir='ltr'><strong>tempotum,</strong></span> <span class='ocrx_word' id='word_1_146' title='bbox 633 2347 844 2442; x_wconf 81' lang='lat' dir='ltr'><strong>modorum,</strong></span> <span class='ocrx_word' id='word_1_147' title='bbox 871 2372 1113 2450; x_wconf 88' lang='lat' dir='ltr'><strong>personarum</strong></span> <span class='ocrx_word' id='word_1_148' title='bbox 1138 2351 1239 2450; x_wconf 87' lang='lat' dir='ltr'><strong>signa</strong></span> <span class='ocrx_word' id='word_1_149' title='bbox 1264 2345 1476 2444; x_wconf 88' lang='lat' dir='ltr'><strong>adhaerent,</strong></span> <span class='ocrx_word' id='word_1_150' title='bbox 1507 2364 1545 2424; x_wconf 93' lang='lat' dir='ltr'><strong>et</strong></span> <span class='ocrx_word' id='word_1_151' title='bbox 1569 2352 1711 2424; x_wconf 90' lang='lat' dir='ltr'><strong>nomini</strong></span> <span class='ocrx_word' id='word_1_152' title='bbox 1735 2365 1882 2452; x_wconf 88' lang='lat' dir='ltr'><strong>praeter</strong></span> <span class='ocrx_word' id='word_1_153' title='bbox 1900 2373 1959 2422; x_wconf 92' lang='lat' dir='ltr'><strong>ca·</strong></span> 
     </span>
     <span class='ocr_line' id='line_1_16' title="bbox 380 2463 1957 2576; baseline -0.002 -27"><span class='ocrx_word' id='word_1_154' title='bbox 380 2499 487 2550; x_wconf 86' lang='lat' dir='ltr'><strong>suum</strong></span> <span class='ocrx_word' id='word_1_155' title='bbox 524 2475 809 2549; x_wconf 82' lang='lat' dir='ltr'><strong>terminationes·</strong></span> <span class='ocrx_word' id='word_1_156' title='bbox 837 2471 967 2546; x_wconf 72' lang='lat' dir='ltr'><strong>suffixa</strong></span> <span class='ocrx_word' id='word_1_157' title='bbox 1003 2472 1069 2571; x_wconf 85' lang='lat' dir='ltr'><strong>(cf.</strong></span> <span class='ocrx_word' id='word_1_158' title='bbox 1104 2463 1454 2569; x_wconf 55' lang='grc' dir='ltr'><strong>ὄψα-1111111111).</strong></span> <span class='ocrx_word' id='word_1_159' title='bbox 1516 2471 1640 2566; x_wconf 89' lang='lat' dir='ltr'><strong>Quare</strong></span> <span class='ocrx_word' id='word_1_160' title='bbox 1672 2477 1764 2576; x_wconf 89' lang='lat' dir='ltr'><strong>quin</strong></span> <span class='ocrx_word' id='word_1_161' title='bbox 1794 2476 1957 2565; x_wconf 82' lang='lat' dir='ltr'><strong>nomina,</strong></span> 
     </span>
     <span class='ocr_line' id='line_1_17' title="bbox 380 2595 1961 2703; baseline -0.003 -31"><span class='ocrx_word' id='word_1_162' title='bbox 380 2625 476 2703; x_wconf 87' lang='lat' dir='ltr'><strong>quae</strong></span> <span class='ocrx_word' id='word_1_163' title='bbox 506 2614 606 2673; x_wconf 87' lang='grc'><strong>11111</strong></span> <span class='ocrx_word' id='word_1_164' title='bbox 623 2601 694 2673; x_wconf 80' lang='lat' dir='ltr'><strong>via</strong></span> <span class='ocrx_word' id='word_1_165' title='bbox 711 2623 747 2670; x_wconf 30' lang='lat' dir='ltr'><strong>*a</strong></span> <span class='ocrx_word' id='word_1_166' title='bbox 775 2595 898 2670; x_wconf 86' lang='lat' dir='ltr'><strong>radice</strong></span> <span class='ocrx_word' id='word_1_167' title='bbox 929 2612 1148 2698; x_wconf 76' lang='lat' dir='ltr'><strong>repetimtur</strong></span> <span class='ocrx_word' id='word_1_168' title='bbox 1180 2621 1298 2697; x_wconf 85' lang='lat' dir='ltr'><strong>aeque</strong></span> <span class='ocrx_word' id='word_1_169' title='bbox 1324 2596 1591 2672; x_wconf 75' lang='lat' dir='ltr'><strong>ac.verhorum</strong></span> <span class='ocrx_word' id='word_1_170' title='bbox 1615 2597 1751 2672; x_wconf 81' lang='lat' dir='ltr'><strong>formas</strong></span> <span class='ocrx_word' id='word_1_171' title='bbox 1776 2599 1961 2699; x_wconf 90' lang='lat' dir='ltr'><strong>primitiva</strong></span> 
     </span>
     <span class='ocr_line' id='line_1_18' title="bbox 379 2710 1959 2822; baseline -0.003 -26"><span class='ocrx_word' id='word_1_172' title='bbox 379 2723 544 2806; x_wconf 85' lang='lat' dir='ltr'><strong>dicamus</strong></span> <span class='ocrx_word' id='word_1_173' title='bbox 569 2747 676 2795; x_wconf 86' lang='lat' dir='ltr'><strong>rausa</strong></span> <span class='ocrx_word' id='word_1_174' title='bbox 697 2745 777 2794; x_wconf 91' lang='lat' dir='ltr'><strong>non</strong></span> <span class='ocrx_word' id='word_1_175' title='bbox 804 2735 871 2794; x_wconf 90' lang='lat' dir='ltr'><strong>est.</strong></span> <span class='ocrx_word' id='word_1_176' title='bbox 916 2718 1141 2795; x_wconf 89' lang='lat' dir='ltr'><strong>Vocabimus</strong></span> <span class='ocrx_word' id='word_1_177' title='bbox 1154 2723 1266 2821; x_wconf 90' lang='lat' dir='ltr'><strong>igitur</strong></span> <span class='ocrx_word' id='word_1_178' title='bbox 1276 2722 1477 2822; x_wconf 88' lang='lat' dir='ltr'><strong>primitiva:</strong></span> <span class='ocrx_word' id='word_1_179' title='bbox 1508 2711 1629 2819; x_wconf 69' lang='grc' dir='ltr'><strong><em>φυγ-ἦ,</em></strong></span> <span class='ocrx_word' id='word_1_180' title='bbox 1657 2711 1826 2819; x_wconf 58' lang='lat' dir='ltr'><strong>pic-ris,</strong></span> <span class='ocrx_word' id='word_1_181' title='bbox 1852 2710 1959 2808; x_wconf 71' lang='grc' dir='ltr'>πλέγ-</span> 
     </span>
     <span class='ocr_line' id='line_1_19' title="bbox 276 2833 1958 2954; baseline -0.001 -35"><span class='ocrx_word' id='word_1_182' title='bbox 276 2901 279 2913; x_wconf 93' lang='grc'>.</span> <span class='ocrx_word' id='word_1_183' title='bbox 380 2848 497 2946; x_wconf 51' lang='grc' dir='ltr'>μαψ),</span> <span class='ocrx_word' id='word_1_184' title='bbox 524 2836 716 2954; x_wconf 58' lang='lat' dir='ltr'><strong>perid-pua,</strong></span> <span class='ocrx_word' id='word_1_185' title='bbox 746 2834 854 2931; x_wconf 65' lang='lat' dir='ltr'><strong>sibi-r,</strong></span> <span class='ocrx_word' id='word_1_186' title='bbox 881 2833 1026 2942; x_wconf 63' lang='lat' dir='ltr'><strong>capsis,</strong></span> <span class='ocrx_word' id='word_1_187' title='bbox 1050 2835 1184 2931; x_wconf 69' lang='lat' dir='ltr'><strong>sid-ovi.</strong></span> <span class='ocrx_word' id='word_1_188' title='bbox 1205 2847 1327 2918; x_wconf 84' lang='lat' dir='ltr'><strong>omnia</strong></span> <span class='ocrx_word' id='word_1_189' title='bbox 1354 2841 1534 2946; x_wconf 90' lang='lat' dir='ltr'><strong>denique,</strong></span> <span class='ocrx_word' id='word_1_190' title='bbox 1565 2869 1659 2948; x_wconf 85' lang='lat' dir='ltr'><strong>quae</strong></span> <span class='ocrx_word' id='word_1_191' title='bbox 1685 2861 1748 2920; x_wconf 89' lang='lat' dir='ltr'><strong>aut</strong></span> <span class='ocrx_word' id='word_1_192' title='bbox 1771 2841 1958 2940; x_wconf 81' lang='lat' dir='ltr'><strong>nullius⁵)</strong></span> 
     </span>
     <span class='ocr_line' id='line_1_20' title="bbox 381 2960 1957 3073; baseline -0.004 -24"><span class='ocrx_word' id='word_1_193' title='bbox 381 2987 453 3049; x_wconf 84' lang='grc'><strong>1111</strong></span> <span class='ocrx_word' id='word_1_194' title='bbox 468 2967 644 3072; x_wconf 89' lang='lat' dir='ltr'><strong>simplicis</strong></span> <span class='ocrx_word' id='word_1_195' title='bbox 669 2967 822 3042; x_wconf 87' lang='lat' dir='ltr'><strong>alicuius</strong></span> <span class='ocrx_word' id='word_1_196' title='bbox 848 2960 970 3044; x_wconf 85' lang='lat' dir='ltr'><strong>suffixi</strong></span> <span class='ocrx_word' id='word_1_197' title='bbox 996 2993 1069 3073; x_wconf 90' lang='lat' dir='ltr'><strong>ope</strong></span> <span class='ocrx_word' id='word_1_198' title='bbox 1096 2989 1116 3042; x_wconf 88' lang='lat' dir='ltr'><strong>a</strong></span> <span class='ocrx_word' id='word_1_199' title='bbox 1141 2967 1264 3044; x_wconf 85' lang='lat' dir='ltr'><strong>radice</strong></span> <span class='ocrx_word' id='word_1_200' title='bbox 1289 2985 1489 3071; x_wconf 87' lang='lat' dir='ltr'><strong>propagata</strong></span> <span class='ocrx_word' id='word_1_201' title='bbox 1506 2985 1609 3058; x_wconf 86' lang='lat' dir='ltr'><strong>sunt;</strong></span> <span class='ocrx_word' id='word_1_202' title='bbox 1639 2966 1799 3046; x_wconf 81' lang='lat' dir='ltr'><strong>derivata</strong></span> <span class='ocrx_word' id='word_1_203' title='bbox 1816 2983 1957 3060; x_wconf 87' lang='lat' dir='ltr'><strong>contra,</strong></span> 
     </span>
     <span class='ocr_line' id='line_1_21' title="bbox 380 3083 1959 3200; baseline -0.004 -29"><span class='ocrx_word' id='word_1_204' title='bbox 380 3115 476 3199; x_wconf 79' lang='lat' dir='ltr'><strong>quae</strong></span> <span class='ocrx_word' id='word_1_205' title='bbox 501 3119 522 3168; x_wconf 88' lang='lat' dir='ltr'><strong>a</strong></span> <span class='ocrx_word' id='word_1_206' title='bbox 547 3096 707 3170; x_wconf 88' lang='lat' dir='ltr'><strong>nominis</strong></span> <span class='ocrx_word' id='word_1_207' title='bbox 733 3091 896 3174; x_wconf 82' lang='lat' dir='ltr'><strong>themate</strong></span> <span class='ocrx_word' id='word_1_208' title='bbox 923 3108 1004 3168; x_wconf 86' lang='lat' dir='ltr'><strong>orta</strong></span> <span class='ocrx_word' id='word_1_209' title='bbox 1029 3109 1130 3176; x_wconf 88' lang='lat' dir='ltr'><strong>sunt,</strong></span> <span class='ocrx_word' id='word_1_210' title='bbox 1155 3093 1257 3174; x_wconf 86' lang='lat' dir='ltr'><strong>velut</strong></span> <span class='ocrx_word' id='word_1_211' title='bbox 1282 3084 1557 3192; x_wconf 53' lang='lat' dir='ltr'><strong>corbi-msspr,</strong></span> <span class='ocrx_word' id='word_1_212' title='bbox 1583 3083 1833 3180; x_wconf 66' lang='grc' dir='ltr'><strong>ἅγωθω-σύνη,</strong></span> <span class='ocrx_word' id='word_1_213' title='bbox 1859 3093 1959 3200; x_wconf 59' lang='lat' dir='ltr'><strong>siggi-</strong></span> 
     </span>
     <span class='ocr_line' id='line_1_22' title="bbox 379 3202 1960 3322; baseline 0.002 -35"><span class='ocrx_word' id='word_1_214' title='bbox 379 3210 620 3322; x_wconf 53' lang='grc'><strong>11111111),</strong></span> <span class='ocrx_word' id='word_1_215' title='bbox 646 3209 817 3319; x_wconf 60' lang='lat' dir='ltr'><strong>redamus</strong></span> <span class='ocrx_word' id='word_1_216' title='bbox 840 3203 992 3318; x_wconf 72' lang='lat' dir='ltr'><strong>(sparti),</strong></span> <span class='ocrx_word' id='word_1_217' title='bbox 1017 3202 1384 3319; x_wconf 49' lang='grc' dir='ltr'><strong>χαριτώ-1111111111).</strong></span> <span class='ocrx_word' id='word_1_218' title='bbox 1426 3211 1523 3288; x_wconf 89' lang='lat' dir='ltr'><strong>Cum</strong></span> <span class='ocrx_word' id='word_1_219' title='bbox 1547 3217 1744 3316; x_wconf 80' lang='lat' dir='ltr'><strong>primitivis</strong></span> <span class='ocrx_word' id='word_1_220' title='bbox 1768 3231 1891 3290; x_wconf 91' lang='lat' dir='ltr'><strong>autem</strong></span> <span class='ocrx_word' id='word_1_221' title='bbox 1918 3239 1960 3290; x_wconf 88' lang='lat' dir='ltr'><strong>ca</strong></span> 
     </span>
     <span class='ocr_line' id='line_1_23' title="bbox 379 3331 1960 3442; baseline -0.001 -25"><span class='ocrx_word' id='word_1_222' title='bbox 379 3334 636 3438; x_wconf 81' lang='lat' dir='ltr'><strong>coniungenda</strong></span> <span class='ocrx_word' id='word_1_223' title='bbox 660 3351 758 3426; x_wconf 84' lang='grc'><strong>111111,</strong></span> <span class='ocrx_word' id='word_1_224' title='bbox 789 3358 883 3436; x_wconf 88' lang='lat' dir='ltr'><strong>quae</strong></span> <span class='ocrx_word' id='word_1_225' title='bbox 910 3359 931 3406; x_wconf 90' lang='lat' dir='ltr'><strong>a</strong></span> <span class='ocrx_word' id='word_1_226' title='bbox 954 3335 1154 3426; x_wconf 87' lang='lat' dir='ltr'><strong>verborum</strong></span> <span class='ocrx_word' id='word_1_227' title='bbox 1180 3331 1427 3416; x_wconf 80' lang='lat' dir='ltr'><strong>derivatorum</strong></span> <span class='ocrx_word' id='word_1_228' title='bbox 1453 3338 1628 3440; x_wconf 81' lang='lat' dir='ltr'><strong>stirpibus</strong></span> <span class='ocrx_word' id='word_1_229' title='bbox 1655 3340 1833 3440; x_wconf 85' lang='lat' dir='ltr'><strong>originem</strong></span> <span class='ocrx_word' id='word_1_230' title='bbox 1851 3363 1960 3442; x_wconf 90' lang='lat' dir='ltr'><strong>cepe·</strong></span> 
     </span>
     <span class='ocr_line' id='line_1_24' title="bbox 379 3449 1960 3568; baseline -0.001 -30"><span class='ocrx_word' id='word_1_231' title='bbox 379 3481 485 3556; x_wconf 83' lang='lat' dir='ltr'><strong>runt3</strong></span> <span class='ocrx_word' id='word_1_232' title='bbox 519 3456 617 3534; x_wconf 89' lang='lat' dir='ltr'><strong>solet</strong></span> <span class='ocrx_word' id='word_1_233' title='bbox 646 3462 745 3532; x_wconf 86' lang='lat' dir='ltr'><strong>enim</strong></span> <span class='ocrx_word' id='word_1_234' title='bbox 774 3456 836 3532; x_wconf 92' lang='lat' dir='ltr'><strong>vel</strong></span> <span class='ocrx_word' id='word_1_235' title='bbox 866 3455 1017 3532; x_wconf 86' lang='lat' dir='ltr'><strong>derivati</strong></span> <span class='ocrx_word' id='word_1_236' title='bbox 1045 3458 1148 3533; x_wconf 86' lang='lat' dir='ltr'><strong>verbi</strong></span> <span class='ocrx_word' id='word_1_237' title='bbox 1181 3451 1270 3555; x_wconf 80' lang='grc' dir='ltr'>(νοέω</span> <span class='ocrx_word' id='word_1_238' title='bbox 1301 3487 1325 3530; x_wconf 81' lang='lat' dir='ltr'><strong>a</strong></span> <span class='ocrx_word' id='word_1_239' title='bbox 1350 3449 1449 3562; x_wconf 72' lang='grc' dir='ltr'>νέα-ς)</span> <span class='ocrx_word' id='word_1_240' title='bbox 1480 3465 1589 3566; x_wconf 87' lang='lat' dir='ltr'><strong>stirps</strong></span> <span class='ocrx_word' id='word_1_241' title='bbox 1622 3489 1747 3538; x_wconf 90' lang='lat' dir='ltr'><strong>rursus</strong></span> <span class='ocrx_word' id='word_1_242' title='bbox 1771 3478 1960 3568; x_wconf 88' lang='lat' dir='ltr'><strong>tamquam</strong></span> 
     </span>
     <span class='ocr_line' id='line_1_25' title="bbox 379 3573 1956 3692; baseline 0 -28"><span class='ocrx_word' id='word_1_243' title='bbox 379 3585 483 3665; x_wconf 81' lang='lat' dir='ltr'><strong>radix</strong></span> <span class='ocrx_word' id='word_1_244' title='bbox 507 3581 675 3676; x_wconf 86' lang='lat' dir='ltr'><strong>tractari,</strong></span> <span class='ocrx_word' id='word_1_245' title='bbox 707 3586 757 3658; x_wconf 88' lang='lat' dir='ltr'><strong>ita</strong></span> <span class='ocrx_word' id='word_1_246' title='bbox 783 3598 826 3656; x_wconf 91' lang='lat' dir='ltr'><strong>ut</strong></span> <span class='ocrx_word' id='word_1_247' title='bbox 851 3605 898 3657; x_wconf 87' lang='lat' dir='ltr'><strong>ex</strong></span> <span class='ocrx_word' id='word_1_248' title='bbox 924 3609 986 3664; x_wconf 81' lang='lat' dir='ltr'><strong>vos,</strong></span> <span class='ocrx_word' id='word_1_249' title='bbox 1011 3573 1084 3654; x_wconf 72' lang='grc'><strong>11111</strong></span> <span class='ocrx_word' id='word_1_250' title='bbox 1110 3583 1215 3658; x_wconf 84' lang='lat' dir='ltr'><strong>verbi</strong></span> <span class='ocrx_word' id='word_1_251' title='bbox 1240 3585 1373 3686; x_wconf 88' lang='lat' dir='ltr'><strong>stirpe,</strong></span> <span class='ocrx_word' id='word_1_252' title='bbox 1402 3576 1523 3678; x_wconf 72' lang='grc' dir='ltr'><strong><em>νοήμων</em></strong></span> <span class='ocrx_word' id='word_1_253' title='bbox 1549 3613 1627 3663; x_wconf 93' lang='lat' dir='ltr'><strong>non</strong></span> <span class='ocrx_word' id='word_1_254' title='bbox 1652 3587 1759 3664; x_wconf 87' lang='lat' dir='ltr'><strong>aliter</strong></span> <span class='ocrx_word' id='word_1_255' title='bbox 1782 3587 1956 3692; x_wconf 86' lang='lat' dir='ltr'><strong>profluat,</strong></span> 
     </span>
     <span class='ocr_line' id='line_1_26' title="bbox 382 3696 1957 3818; baseline 0.001 -32"><span class='ocrx_word' id='word_1_256' title='bbox 382 3737 492 3818; x_wconf 88' lang='lat' dir='ltr'><strong>quam</strong></span> <span class='ocrx_word' id='word_1_257' title='bbox 518 3699 694 3818; x_wconf 66' lang='lat' dir='ltr'><strong>opsiti-pus</strong></span> <span class='ocrx_word' id='word_1_258' title='bbox 720 3731 765 3783; x_wconf 83' lang='lat' dir='ltr'><strong>ex</strong></span> <span class='ocrx_word' id='word_1_259' title='bbox 792 3701 884 3816; x_wconf 70' lang='grc' dir='ltr'><em>’φραδ</em></span> <span class='ocrx_word' id='word_1_260' title='bbox 904 3696 1065 3815; x_wconf 67' lang='grc' dir='ltr'><strong>(φρᾶζω).</strong></span> <span class='ocrx_word' id='word_1_261' title='bbox 1118 3706 1310 3784; x_wconf 86' lang='lat' dir='ltr'><strong>Eiusmodi</strong></span> <span class='ocrx_word' id='word_1_262' title='bbox 1339 3734 1429 3786; x_wconf 86' lang='lat' dir='ltr'><strong>vero</strong></span> <span class='ocrx_word' id='word_1_263' title='bbox 1459 3715 1609 3787; x_wconf 91' lang='lat' dir='ltr'><strong>nomina</strong></span> <span class='ocrx_word' id='word_1_264' title='bbox 1636 3739 1857 3817; x_wconf 91' lang='lat' dir='ltr'><strong>quamquam</strong></span> <span class='ocrx_word' id='word_1_265' title='bbox 1882 3718 1957 3817; x_wconf 88' lang='lat' dir='ltr'><strong>pri·</strong></span> 
     </span>
     <span class='ocr_line' id='line_1_27' title="bbox 381 3832 1957 3950; baseline -0.002 -36"><span class='ocrx_word' id='word_1_266' title='bbox 381 3841 506 3914; x_wconf 90' lang='lat' dir='ltr'><strong>mitiva</strong></span> <span class='ocrx_word' id='word_1_267' title='bbox 530 3836 724 3910; x_wconf 85' lang='lat' dir='ltr'><strong>nominare·</strong></span> <span class='ocrx_word' id='word_1_268' title='bbox 747 3857 825 3906; x_wconf 93' lang='lat' dir='ltr'><strong>non</strong></span> <span class='ocrx_word' id='word_1_269' title='bbox 849 3855 1058 3950; x_wconf 79' lang='lat' dir='ltr'><strong>possumus,</strong></span> <span class='ocrx_word' id='word_1_270' title='bbox 1089 3857 1204 3934; x_wconf 90' lang='lat' dir='ltr'><strong>quum</strong></span> <span class='ocrx_word' id='word_1_271' title='bbox 1229 3858 1249 3906; x_wconf 93' lang='lat' dir='ltr'><strong>a</strong></span> <span class='ocrx_word' id='word_1_272' title='bbox 1270 3835 1392 3908; x_wconf 88' lang='lat' dir='ltr'><strong>verbis</strong></span> <span class='ocrx_word' id='word_1_273' title='bbox 1416 3832 1585 3934; x_wconf 86' lang='lat' dir='ltr'><strong>derivatis</strong></span> <span class='ocrx_word' id='word_1_274' title='bbox 1602 3853 1828 3941; x_wconf 80' lang='lat' dir='ltr'><strong>repetantur,</strong></span> <span class='ocrx_word' id='word_1_275' title='bbox 1858 3863 1957 3912; x_wconf 89' lang='lat' dir='ltr'><strong>com·</strong></span> 
     </span>
     <span class='ocr_line' id='line_1_28' title="bbox 374 3955 1956 4066; baseline -0.001 -29"><span class='ocrx_word' id='word_1_276' title='bbox 374 3965 485 4037; x_wconf 87' lang='lat' dir='ltr'><strong>muni</strong></span> <span class='ocrx_word' id='word_1_277' title='bbox 500 3975 624 4035; x_wconf 88' lang='lat' dir='ltr'><strong>tamen</strong></span> <span class='ocrx_word' id='word_1_278' title='bbox 640 3957 843 4035; x_wconf 80' lang='lat' dir='ltr'><strong>verbalium</strong></span> <span class='ocrx_word' id='word_1_279' title='bbox 865 3959 1017 4032; x_wconf 85' lang='lat' dir='ltr'><strong>nomine</strong></span> <span class='ocrx_word' id='word_1_280' title='bbox 1044 3981 1128 4030; x_wconf 90' lang='lat' dir='ltr'><strong>cum</strong></span> <span class='ocrx_word' id='word_1_281' title='bbox 1153 3955 1226 4031; x_wconf 88' lang='lat' dir='ltr'><strong>illis</strong></span> <span class='ocrx_word' id='word_1_282' title='bbox 1250 3962 1403 4062; x_wconf 84' lang='lat' dir='ltr'><strong>proprie</strong></span> <span class='ocrx_word' id='word_1_283' title='bbox 1427 3963 1621 4064; x_wconf 88' lang='lat' dir='ltr'><strong>primitivis</strong></span> <span class='ocrx_word' id='word_1_284' title='bbox 1646 3967 1881 4066; x_wconf 86' lang='lat' dir='ltr'><strong>coniungere,</strong></span> <span class='ocrx_word' id='word_1_285' title='bbox 1909 3963 1956 4036; x_wconf 88' lang='lat' dir='ltr'><strong>ab</strong></span> 
     </span>
     <span class='ocr_line' id='line_1_29' title="bbox 381 4079 1856 4183; baseline -0.003 -21"><span class='ocrx_word' id='word_1_286' title='bbox 381 4087 439 4162; x_wconf 90' lang='lat' dir='ltr'><strong>his</strong></span> <span class='ocrx_word' id='word_1_287' title='bbox 457 4099 586 4162; x_wconf 86' lang='lat' dir='ltr'><strong>&#39;autem</strong></span> <span class='ocrx_word' id='word_1_288' title='bbox 611 4081 882 4159; x_wconf 89' lang='lat' dir='ltr'><strong>denominativa</strong></span> <span class='ocrx_word' id='word_1_289' title='bbox 907 4079 1129 4182; x_wconf 76' lang='lat' dir='ltr'><strong>distinguere</strong></span> <span class='ocrx_word' id='word_1_290' title='bbox 1155 4085 1327 4158; x_wconf 80' lang='lat' dir='ltr'><strong>convenit</strong></span> <span class='ocrx_word' id='word_1_291' title='bbox 1341 4084 1389 4183; x_wconf 88' lang='lat'><strong>⁶).</strong></span> <span class='ocrx_word' id='word_1_292' title='bbox 1850 4159 1856 4178; x_wconf 58' lang='grc'><strong>,</strong></span> 
     </span>
     <span class='ocr_line' id='line_1_30' title="bbox 533 4203 1995 4314; baseline 0.003 -30"><span class='ocrx_word' id='word_1_293' title='bbox 533 4209 588 4284; x_wconf 88' lang='lat' dir='ltr'><strong>Ut</strong></span> <span class='ocrx_word' id='word_1_294' title='bbox 611 4210 762 4282; x_wconf 89' lang='lat' dir='ltr'><strong>nomina</strong></span> <span class='ocrx_word' id='word_1_295' title='bbox 786 4205 949 4284; x_wconf 81' lang='lat' dir='ltr'><strong>verbalia</strong></span> <span class='ocrx_word' id='word_1_296' title='bbox 974 4231 995 4280; x_wconf 92' lang='lat' dir='ltr'><strong>a</strong></span> <span class='ocrx_word' id='word_1_297' title='bbox 1021 4203 1314 4303; x_wconf 82' lang='lat' dir='ltr'><strong>denominativis,</strong></span> <span class='ocrx_word' id='word_1_298' title='bbox 1343 4212 1393 4285; x_wconf 88' lang='lat' dir='ltr'><strong>ita</strong></span> <span class='ocrx_word' id='word_1_299' title='bbox 1419 4209 1547 4286; x_wconf 86' lang='lat' dir='ltr'><strong>suffixa</strong></span> <span class='ocrx_word' id='word_1_300' title='bbox 1574 4211 1708 4314; x_wconf 89' lang='lat' dir='ltr'><strong>quibus</strong></span> <span class='ocrx_word' id='word_1_301' title='bbox 1725 4209 1788 4284; x_wconf 91' lang='lat' dir='ltr'><strong>illa</strong></span> <span class='ocrx_word' id='word_1_302' title='bbox 1805 4223 1958 4289; x_wconf 90' lang='lat' dir='ltr'><strong>utuntur</strong></span> <span class='ocrx_word' id='word_1_303' title='bbox 1991 4241 1995 4250; x_wconf 93' lang='lat'>·</span> 
     </span>
     <span class='ocr_line' id='line_1_31' title="bbox 383 4333 1956 4440; baseline 0.001 -29"><span class='ocrx_word' id='word_1_304' title='bbox 383 4334 523 4414; x_wconf 89' lang='lat' dir='ltr'><strong>diversa</strong></span> <span class='ocrx_word' id='word_1_305' title='bbox 548 4333 706 4408; x_wconf 87' lang='lat' dir='ltr'><strong>suntab</strong></span> <span class='ocrx_word' id='word_1_306' title='bbox 731 4334 788 4424; x_wconf 88' lang='lat' dir='ltr'><strong>iis,</strong></span> <span class='ocrx_word' id='word_1_307' title='bbox 819 4357 977 4434; x_wconf 86' lang='lat' dir='ltr'><strong>quorum</strong></span> <span class='ocrx_word' id='word_1_308' title='bbox 1003 4354 1077 4435; x_wconf 89' lang='lat' dir='ltr'><strong>ope</strong></span> <span class='ocrx_word' id='word_1_309' title='bbox 1103 4357 1124 4406; x_wconf 90' lang='lat' dir='ltr'><strong>a</strong></span> <span class='ocrx_word' id='word_1_310' title='bbox 1149 4337 1341 4410; x_wconf 91' lang='lat' dir='ltr'><strong>nominum</strong></span> <span class='ocrx_word' id='word_1_311' title='bbox 1366 4333 1535 4410; x_wconf 88' lang='lat' dir='ltr'><strong>thematis</strong></span> <span class='ocrx_word' id='word_1_312' title='bbox 1560 4360 1657 4412; x_wconf 88' lang='lat' dir='ltr'><strong>nova</strong></span> <span class='ocrx_word' id='word_1_313' title='bbox 1672 4335 1854 4412; x_wconf 88' lang='lat' dir='ltr'><strong>vocabula</strong></span> <span class='ocrx_word' id='word_1_314' title='bbox 1868 4361 1956 4440; x_wconf 87' lang='lat' dir='ltr'><strong>pro·</strong></span> 
     </span>
    </p>
   </div>
   <div class='ocr_carea' id='block_1_3' title="bbox 381 4627 1955 5108">
    <p class='ocr_par' dir='ltr' id='par_1_3' title="bbox 441 4627 1572 4722">
     <span class='ocr_line' id='line_1_32' title="bbox 441 4627 1572 4722; baseline 0.001 -22"><span class='ocrx_word' id='word_1_315' title='bbox 441 4635 471 4718; x_wconf 74' lang='lat'><strong>⁵)</strong></span> <span class='ocrx_word' id='word_1_316' title='bbox 513 4637 593 4700; x_wconf 82' lang='lat' dir='ltr'><strong>velut</strong></span> <span class='ocrx_word' id='word_1_317' title='bbox 613 4627 688 4702; x_wconf 74' lang='lat' dir='ltr'><strong>uir-c</strong></span> <span class='ocrx_word' id='word_1_318' title='bbox 708 4635 786 4718; x_wconf 78' lang='grc' dir='ltr'>(ὄπ),</span> <span class='ocrx_word' id='word_1_319' title='bbox 807 4627 874 4703; x_wconf 72' lang='grc' dir='ltr'><strong>ὅτι-1</strong></span> <span class='ocrx_word' id='word_1_320' title='bbox 894 4638 990 4720; x_wconf 72' lang='lat' dir='ltr'><strong>(rar),</strong></span> <span class='ocrx_word' id='word_1_321' title='bbox 1010 4631 1103 4714; x_wconf 64' lang='lat' dir='ltr'><strong>Bisa-e</strong></span> <span class='ocrx_word' id='word_1_322' title='bbox 1124 4634 1235 4722; x_wconf 71' lang='grc' dir='ltr'>(βηχ),</span> <span class='ocrx_word' id='word_1_323' title='bbox 1254 4643 1357 4703; x_wconf 88' lang='lat' dir='ltr'><strong>Latina</strong></span> <span class='ocrx_word' id='word_1_324' title='bbox 1376 4663 1467 4719; x_wconf 84' lang='lat' dir='ltr'><strong>rec-s,</strong></span> <span class='ocrx_word' id='word_1_325' title='bbox 1488 4639 1572 4702; x_wconf 83' lang='lat' dir='ltr'><strong>lec-s.</strong></span> 
     </span>
    </p>

    <p class='ocr_par' dir='ltr' id='par_1_4' title="bbox 381 4737 1955 5108">
     <span class='ocr_line' id='line_1_33' title="bbox 442 4737 1955 4828; baseline 0.003 -30"><span class='ocrx_word' id='word_1_326' title='bbox 442 4737 472 4819; x_wconf 80' lang='lat'><strong>⁶)</strong></span> <span class='ocrx_word' id='word_1_327' title='bbox 513 4737 587 4800; x_wconf 91' lang='lat' dir='ltr'><strong>hanc</strong></span> <span class='ocrx_word' id='word_1_328' title='bbox 607 4739 686 4800; x_wconf 78' lang='lat' dir='ltr'><strong>inter</strong></span> <span class='ocrx_word' id='word_1_329' title='bbox 704 4737 831 4800; x_wconf 85' lang='lat' dir='ltr'><strong>verbalia</strong></span> <span class='ocrx_word' id='word_1_330' title='bbox 852 4750 882 4800; x_wconf 90' lang='lat' dir='ltr'><strong>et</strong></span> <span class='ocrx_word' id='word_1_331' title='bbox 902 4739 1116 4806; x_wconf 83' lang='lat' dir='ltr'><strong>denominativa</strong></span> <span class='ocrx_word' id='word_1_332' title='bbox 1136 4743 1330 4806; x_wconf 76' lang='lat' dir='ltr'><strong>differentiam</strong></span> <span class='ocrx_word' id='word_1_333' title='bbox 1350 4741 1518 4818; x_wconf 85' lang='lat' dir='ltr'><strong>accuratius,</strong></span> <span class='ocrx_word' id='word_1_334' title='bbox 1540 4761 1624 4823; x_wconf 85' lang='lat' dir='ltr'><strong>quam</strong></span> <span class='ocrx_word' id='word_1_335' title='bbox 1644 4755 1759 4808; x_wconf 81' lang='lat' dir='ltr'><strong>veteres</strong></span> <span class='ocrx_word' id='word_1_336' title='bbox 1777 4742 1955 4828; x_wconf 78' lang='lat' dir='ltr'><strong>grammatici</strong></span> 
     </span>
     <span class='ocr_line' id='line_1_34' title="bbox 383 4839 1955 4925; baseline 0.002 -22"><span class='ocrx_word' id='word_1_337' title='bbox 383 4840 518 4904; x_wconf 84' lang='lat' dir='ltr'><strong>observat</strong></span> <span class='ocrx_word' id='word_1_338' title='bbox 538 4841 673 4917; x_wconf 84' lang='lat' dir='ltr'><strong>Vossius,</strong></span> <span class='ocrx_word' id='word_1_339' title='bbox 695 4839 731 4902; x_wconf 89' lang='lat' dir='ltr'><strong>de</strong></span> <span class='ocrx_word' id='word_1_340' title='bbox 753 4853 814 4901; x_wconf 88' lang='lat' dir='ltr'><strong>arte</strong></span> <span class='ocrx_word' id='word_1_341' title='bbox 837 4843 1021 4925; x_wconf 84' lang='lat' dir='ltr'><strong>grammatica</strong></span> <span class='ocrx_word' id='word_1_342' title='bbox 1040 4842 1107 4904; x_wconf 88' lang='lat' dir='ltr'><strong>Lib.</strong></span> <span class='ocrx_word' id='word_1_343' title='bbox 1123 4843 1186 4922; x_wconf 82' lang='lat' dir='ltr'><strong>lv,</strong></span> <span class='ocrx_word' id='word_1_344' title='bbox 1209 4865 1271 4925; x_wconf 87' lang='lat' dir='ltr'><strong>cap.</strong></span> <span class='ocrx_word' id='word_1_345' title='bbox 1292 4843 1343 4904; x_wconf 80' lang='lat'><strong>32.</strong></span> <span class='ocrx_word' id='word_1_346' title='bbox 1364 4865 1408 4924; x_wconf 87' lang='lat' dir='ltr'><strong>sq.</strong></span> <span class='ocrx_word' id='word_1_347' title='bbox 1448 4841 1544 4904; x_wconf 87' lang='lat' dir='ltr'><strong>Etiam</strong></span> <span class='ocrx_word' id='word_1_348' title='bbox 1563 4844 1750 4910; x_wconf 84' lang='lat' dir='ltr'><strong>Buttmannns</strong></span> <span class='ocrx_word' id='word_1_349' title='bbox 1772 4843 1808 4907; x_wconf 88' lang='lat' dir='ltr'><strong>de</strong></span> <span class='ocrx_word' id='word_1_350' title='bbox 1829 4842 1955 4906; x_wconf 86' lang='lat' dir='ltr'><strong>verbali·</strong></span> 
     </span>
     <span class='ocr_line' id='line_1_35' title="bbox 382 4936 1954 5028; baseline 0.003 -24"><span class='ocrx_word' id='word_1_351' title='bbox 382 4941 435 5004; x_wconf 87' lang='lat' dir='ltr'><strong>bus</strong></span> <span class='ocrx_word' id='word_1_352' title='bbox 455 4940 607 5024; x_wconf 84' lang='lat' dir='ltr'><strong>separatim</strong></span> <span class='ocrx_word' id='word_1_353' title='bbox 628 4941 700 5026; x_wconf 82' lang='lat' dir='ltr'><strong>agit;</strong></span> <span class='ocrx_word' id='word_1_354' title='bbox 721 4943 773 5006; x_wconf 82' lang='lat' dir='ltr'><strong>aed</strong></span> <span class='ocrx_word' id='word_1_355' title='bbox 793 4942 943 5028; x_wconf 77' lang='lat' dir='ltr'><strong>distinguit</strong></span> <span class='ocrx_word' id='word_1_356' title='bbox 961 4943 1135 5008; x_wconf 83' lang='lat' dir='ltr'><strong>substantiva</strong></span> <span class='ocrx_word' id='word_1_357' title='bbox 1154 4942 1190 5006; x_wconf 87' lang='lat' dir='ltr'><strong>ab</strong></span> <span class='ocrx_word' id='word_1_358' title='bbox 1209 4943 1368 5026; x_wconf 82' lang='lat' dir='ltr'><strong>adjectivis,</strong></span> <span class='ocrx_word' id='word_1_359' title='bbox 1388 4936 1428 5008; x_wconf 81' lang='lat' dir='ltr'><strong>ita</strong></span> <span class='ocrx_word' id='word_1_360' title='bbox 1447 4956 1481 5008; x_wconf 87' lang='grc'><strong>111</strong></span> <span class='ocrx_word' id='word_1_361' title='bbox 1500 4965 1682 5011; x_wconf 79' lang='lat' dir='ltr'><strong>communem</strong></span> <span class='ocrx_word' id='word_1_362' title='bbox 1701 4940 1860 5010; x_wconf 80' lang='lat' dir='ltr'><strong>verbalium</strong></span> <span class='ocrx_word' id='word_1_363' title='bbox 1881 4945 1954 5008; x_wconf 83' lang='lat' dir='ltr'><strong>claa-</strong></span> 
     </span>
     <span class='ocr_line' id='line_1_36' title="bbox 381 5040 653 5108; baseline -0.015 0"><span class='ocrx_word' id='word_1_364' title='bbox 381 5065 442 5108; x_wconf 84' lang='lat' dir='ltr'><strong>acm</strong></span> <span class='ocrx_word' id='word_1_365' title='bbox 462 5065 523 5106; x_wconf 90' lang='lat' dir='ltr'><strong>non</strong></span> <span class='ocrx_word' id='word_1_366' title='bbox 541 5040 653 5105; x_wconf 87' lang='lat' dir='ltr'><strong>haheat.</strong></span> 
     </span>
    </p>
   </div>
   <div class='ocr_carea' id='block_1_4' title="bbox 0 0 2271 5876">
    <p class='ocr_par' dir='ltr' id='par_1_5' title="bbox 0 0 2271 5876">
     <span class='ocr_line' id='line_1_37' title="bbox 0 0 2271 5876; baseline 0 0"><span class='ocrx_word' id='word_1_367' title='bbox 0 0 2271 5876; x_wconf 95' lang='lat' dir='ltr'><strong> </strong></span> 
     </span>
    </p>
   </div>
  </div>
 </body>
</html>
