4520 5896
994 755 1429 821 -..4--

521 953 697 1018 studerent.
741 951 946 1016 Herodianus
969 949 1048 1033 quid
1070 949 1208 1016 voluerit
1230 971 1269 1015 ex
1293 951 1414 1016 scholio
1437 951 1479 1015 ad
1500 949 1607 1014 Noas
1632 955 1665 1015 et
1688 971 1727 1014 ex
1749 949 1908 1034 epimeris-

520 1073 580 1136 mis
603 1071 782 1138 Homericis
810 1076 1005 1152 compertum
1036 1069 1190 1134 habemus
1214 1069 1331 1153 (Crem.
1354 1069 1472 1135 Anecd.
1496 1069 1596 1135 Oxou.
1619 1070 1643 1135 I.
1669 1072 1752 1152 168).
1798 1069 1907 1134 Poste-

519 1191 638 1256 riorem
659 1190 763 1254 locum
788 1189 892 1254 denuo
915 1189 1086 1253 ediderunt
1109 1195 1142 1252 et
1164 1189 1401 1254 constituerunt
1419 1188 1555 1253 Lenzius
1571 1188 1762 1270 (Herodiani
1784 1188 1906 1272 Reliqu.

518 1310 550 1374 II
574 1311 649 1392 309)
674 1315 705 1374 et
727 1308 774 1373 La
796 1309 903 1372 Roohe
927 1307 1070 1393 (Homer.
1087 1306 1270 1372 Textkritilr
1292 1328 1322 1392 p.
1347 1311 1430 1388 231),
1453 1327 1591 1390 quorum
1612 1313 1785 1391 utrumque
1808 1309 1907 1372 miror

518 1449 646 1493 versum
669 1428 779 1492 Alcaei
801 1428 979 1510 ignorasse,
1003 1427 1057 1509 qui
1079 1427 1120 1492 ab
1144 1425 1328 1491 Herodiano
1352 1425 1500 1504 affertur,
1528 1425 1648 1491 dudum
1671 1447 1692 1490 a
1713 1425 1850 1509 Bergkio
1873 1429 1906 1492 in

518 1547 774 1630 fragmentorum
797 1545 939 1610 ordinem
964 1544 1034 1630 (54)
1058 1551 1232 1628 receptum.
1270 1545 1468 1609 Adversum
1491 1544 1566 1609 libri
1582 1545 1611 1609 N
1627 1544 1793 1628 adscripta
1814 1551 1904 1610 sunt:

516 1658 734 1754 Ἀρίσταρχος
764 1661 911 1741 ὁασύνει,
941 1655 1012 1728 άπὸ
1037 1666 1096 1728 τοῦ
1126 1662 1316 1728 ἕπεσθαι·
1347 1659 1430 1750 φησὶ
1460 1660 1523 1750 γάρ
1552 1657 1605 1726 ὅτι
1631 1653 1908 1750 ἐπηκολούθησεν

519 1776 618 1868 αὐτῷ,
643 1783 675 1847 in
701 1783 909 1866 epimerismis
931 1785 1115 1848 accuratius
1139 1784 1236 1849 etiam
1252 1781 1431 1847 Aristarchi
1446 1782 1744 1864 interpretationem
1767 1783 1904 1866 profert:

515 1897 683 1988 ἐφέσπετο
714 1900 770 1966 κατ’
800 1898 1084 1988 ἐπηκολούθησεν.
1135 1901 1172 1966 In
1205 1923 1271 1984 qua
1299 1899 1517 1966 Herodianum
1550 1897 1683 1965 offendit
1715 1902 1852 1966 maxime
1884 1927 1906 1968 α

516 2018 633 2097 littera,
659 2041 742 2104 quae
764 2023 793 2086 ei
815 2042 835 2084 a
856 2020 953 2086 verbo
977 2015 1128 2083 ἕπεσθαι
1150 2019 1257 2084 alienu
1279 2039 1349 2084 esso
1371 2017 1550 2084 videbatur.
1597 2017 1650 2085 Sic
1678 2021 1760 2084 enim
1783 2020 1905 2085 techni-

516 2158 571 2202 cus
593 2139 648 2204 ille
670 2139 809 2205 omnium
833 2139 964 2222 quidem
987 2141 1041 2221 qui
1067 2159 1219 2221 umquam
1247 2136 1377 2204 fuerunt
1399 2136 1652 2217 vepatratores,
1684 2138 1741 2203 sed
1771 2138 1812 2204 ab
1834 2140 1906 2221 ipsa

515 2257 644 2340 linguae
665 2266 782 2325 natura
802 2258 1020 2342 intellegenda
1041 2259 1271 2337 alienissimus,
1298 2279 1368 2324 rem
1397 2256 1459 2322 sibi
1481 2255 1706 2334 conformavit,
1730 2250 1847 2345 ἑάφθη
1877 2261 1903 2325 si

515 2374 591 2458 quid
614 2399 685 2441 cum
708 2373 827 2443 άπτειν
849 2397 1016 2443 commune
1039 2378 1189 2456 haberet,
1222 2398 1286 2443 non
1313 2397 1407 2460 posse
1438 2397 1501 2440 non
1525 2395 1565 2440 ex
1588 2369 1686 2462 ἥφθη
1710 2376 1903 2444 distractum

514 2513 584 2558 esse
611 2501 647 2558 ut
675 2493 756 2582 ἐάγη
787 2515 825 2560 ex
853 2487 925 2584 ἤγη.
975 2497 1078 2562 Usum
1106 2498 1189 2562 enim
1219 2497 1347 2578 linguae
1377 2502 1409 2560 et
1434 2495 1488 2560 hio
1517 2499 1550 2558 et
1576 2493 1653 2558 alibi
1680 2495 1826 2562 homines
1856 2497 1903 2561 illi

513 2614 690 2678 acutissimi
712 2615 938 2680 existimanmt
959 2617 1161 2700 Penelopeae
1183 2618 1329 2680 texturae
1351 2613 1439 2679 haud
1461 2613 1647 2678 dissimilem
1671 2634 1757 2692 esse,
1780 2615 1812 2678 in
1836 2637 1902 2699 qua

513 2753 596 2816 quae
618 2733 757 2798 interdiu
780 2736 954 2817 conjuncte
975 2740 1073 2817 atque
1096 2739 1246 2799 contexta
1268 2733 1405 2810 fuerant,
1430 2731 1512 2796 clam
1533 2735 1566 2794 et
1587 2737 1683 2796 noctu
1705 2753 1817 2798 rursus
1840 2734 1902 2800 dis·

513 2851 713 2916 solverentur
747 2857 780 2915 et
816 2852 1055 2917 diducerentur.
1102 2851 1175 2917 Jam
1202 2857 1289 2918 recte
1317 2849 1529 2917 observarunt
1556 2849 1733 2915 dissolutae
1756 2857 1903 2920 texturae

477 2941 481 2955 .
512 2968 568 3034 fila
591 2990 655 3034 non
675 2991 768 3053 posse
791 2971 856 3037 alia
877 2991 950 3036 esse
972 2993 1066 3056 quam
1090 2972 1289 3054 conjunctae,
1310 2972 1419 3054 itaque
1441 2961 1537 3035 etiarn
1561 2993 1581 3056 η
1603 2989 1668 3034 non
1690 2973 1838 3053 possein
1862 2994 1901 3036 εα

512 3087 658 3164 dissolvi,
689 3089 750 3154 nisi
779 3112 801 3154 α
828 3090 942 3156 fuisset
968 3091 1001 3155 in
1025 3111 1062 3156 eo
1084 3090 1195 3166 verbo,
1225 3091 1267 3155 ad
1294 3090 1381 3174 quod
1410 3088 1566 3172 ejusmodi
1589 3087 1692 3154 forma
1714 3091 1900 3172 pertineret.

511 3207 618 3286 Quare
641 3227 714 3272 cum
735 3209 860 3274 nullum
883 3215 970 3275 esset
992 3205 1126 3290 άπομαι
1140 3209 1190 3274 vel
1214 3203 1367 3289 ἅπτομαι
1386 3228 1445 3290 pro
1468 3229 1506 3272 eo
1530 3207 1615 3291 quod
1638 3215 1687 3273 est
1710 3207 1838 3289 ἕπομαι
1860 3230 1900 3275 ue

510 3319 647 3414 ἓάφθην
675 3327 806 3410 quidem
835 3328 936 3392 ullum
965 3328 1032 3394 fieri
1062 3329 1211 3412 potuisse.
1255 3328 1322 3394 Nos
1349 3349 1389 3394 ex
1417 3326 1612 3418 simpliciore
1634 3327 1775 3406 ratione,
1802 3349 1900 3412 quam

508 3445 543 3510 in
565 3445 662 3510 rebus
685 3447 904 3528 grammaticis
926 3447 1016 3530 sequi
1033 3446 1181 3526 solemus,
1204 3447 1384 3512 diceremus
1408 3469 1430 3510 α
1451 3446 1592 3512 litteram
1615 3445 1657 3512 ab
1681 3448 1802 3512 aoristo
1825 3467 1900 3530 pas·

509 3564 567 3628 sivi
590 3565 728 3630 alienam
752 3585 833 3644 esse,
856 3567 918 3631 nisi
940 3573 973 3632 iu
995 3566 1066 3648 ipsa
1081 3565 1169 3630 verbi
1189 3565 1298 3630 radice
1319 3565 1525 3630 inveniretur.
1560 3565 1763 3648 Quamquam
1785 3571 1900 3650 postea

507 3681 685 3748 videbimus
712 3684 754 3750 ab
785 3684 846 3751 hac
876 3685 987 3769 regula
1017 3685 1175 3768 quosdam
1202 3684 1342 3749 aoristos
1372 3704 1444 3748 esse
1472 3689 1637 3768 exceptos,
1668 3705 1748 3769 quos
1776 3691 1898 3752 veteres

508 3803 709 3886 grammatici
736 3809 869 3889 propter
895 3803 1105 3870 artificiosam
1134 3809 1167 3870 et
1194 3801 1310 3867 falsam
1338 3799 1437 3886 ¹quam
1469 3802 1509 3867 de
1536 3811 1707 3887 augmento
1735 3803 1898 3872 habebant

507 3920 686 3987 doctrinam
711 3943 783 3988 oum
805 3924 867 3988 hac
889 3923 994 3990 forma
1017 3922 1146 3989 omnino
1169 3941 1233 3986 non
1257 3941 1463 4004 comparasse
1484 3921 1643 3987 videntur.

592 4041 695 4106 Multo
723 4043 823 4125 igitur
855 4043 974 4108 rectius
1006 4047 1039 4108 et
1066 4014 1259 4108 accuratius*
1281 4039 1507 4106 Buttmannus.
1564 4043 1596 4108 Is
1626 4043 1758 4127 lexilogi
1784 4045 1845 4110 vol.
1867 4043 1898 4109 lI

505 4183 536 4244 p.
563 4164 621 4224 141
645 4161 833 4227 Aristarcho
860 4181 1010 4228 assensus
1043 4167 1094 4227 est
1122 4155 1241 4248 ἑάφθη
1269 4159 1310 4226 ab
1345 4153 1493 4225 ἕπεσθαι
1528 4159 1711 4227 deducenti.
1766 4163 1805 4228 In
1832 4185 1896 4248 quo

505 4299 570 4344 uon
592 4279 734 4362 neglexit
758 4281 923 4364 augmenti
945 4282 1112 4346 rationem.
1145 4278 1356 4346 intellexerat
1371 4279 1456 4343 enim
1479 4287 1685 4362 augmentum
1708 4279 1896 4365 syllabicum

504 4398 692 4482 temporalis
721 4400 826 4466 locum
854 4401 888 4466 in
916 4401 963 4466 eis
992 4406 1118 4466 tantum
1140 4399 1245 4465 verbis
1268 4398 1413 4464 obtinere
1440 4419 1576 4483 quorum
1599 4419 1739 4465 consona
1760 4401 1895 4468 initialis

504 4519 687 4585 evanuisset
716 4519 907 4602 (Grammat.
935 4519 1032 4605 ampl.
1061 4517 1188 4604 1234).
1238 4519 1311 4584 Jam
1343 4518 1463 4584 necin
1491 4513 1619 4599 ἕπομαι
1647 4520 1766 4584 necin
1796 4515 1894 4586 άπτιο

503 4636 603 4703 ullum
631 4639 801 4723 vestigium
829 4640 900 4723 ejus
927 4659 1085 4706 consonae
1112 4639 1246 4718 inuenit,
1277 4657 1373 4722 quam
1401 4635 1501 4703 solem
1523 4636 1649 4720 putavit
1670 4637 1817 4706 excidere
1838 4659 1893 4724 po

502 4756 612 4836 tuisse,
636 4758 857 4842 digammatis‚
889 4757 946 4823 sed
970 4777 1042 4823 cum
1065 4755 1194 4841 incure
1213 4763 1246 4821 et
1267 4755 1402 4822 latinum
1432 4775 1576 4840 sequor
1601 4756 1686 4822 inter
1708 4779 1742 4825 se
1766 4779 1894 4843 compa·
