4444 5866
1130 581 1186 668 tt

383 807 421 876 in
447 829 500 882 ια,
536 823 628 903 quae
654 819 674 872 a
699 796 821 872 radice
845 801 923 900 ipsa
949 797 1042 870 lauta
1068 799 1159 888 sint,
1187 823 1277 869 num
1303 798 1550 889 inveniantur,
1580 795 1822 874 Buttmannus
1849 796 1955 873 dubi-

380 941 434 1000 tat
450 923 516 1024 ²⁵⁵)
543 925 755 1026 omniaque,
787 945 880 1024 quae
905 925 954 995 ita
984 921 1138 995 formata
1166 945 1243 996 esse
1270 918 1439 996 ridentur
1464 943 1510 996 ex
1534 922 1746 996 nominibus
1768 938 1831 998 aut
1847 927 1951 1016 raris,

383 1066 444 1124 aut
464 1044 667 1155 deperditis
691 1043 886 1120 derivanda
901 1071 991 1120 esse
1018 1061 1153 1120 censet.
1192 1043 1344 1120 ⁴Verum
1371 1069 1486 1147 quum
1511 1047 1550 1118 in
1575 1045 1761 1121 Sanscrito
1787 1071 1955 1121 sermone

384 1170 563 1248 eiusmodi
586 1170 765 1247 vocabula
788 1171 965 1244 abstracta
990 1169 1091 1246 velut
1115 1167 1238 1268 vidjd
1266 1169 1387 1268 (fem.)
1415 1171 1564 1243 scientia
1588 1168 1700 1244 aoid
1723 1173 1827 1262 scire,
1856 1169 1954 1246 haud

382 1321 460 1370 rara
486 1299 570 1388 sint,
599 1294 794 1396 Latinique
817 1297 966 1368 nomina
990 1317 1073 1368 cum
1098 1292 1155 1368 his
1179 1290 1423 1397 comparanda
1449 1292 1550 1368 velut
1564 1295 1688 1397 furio,
1713 1305 1845 1379 serie-s,
1867 1321 1953 1395 pro·

378 1432 527 1524 genie-s,
541 1419 763 1524 socie-s²⁵⁶)
789 1417 973 1511 finxerint,
1002 1422 1125 1492 nescio
1152 1443 1199 1491 an
1224 1411 1333 1508 μανία,
1360 1413 1466 1526 prexia
1491 1409 1658 1526 (ῥήγνυμι)
1685 1435 1721 1493 et
1745 1421 1776 1492 si
1797 1445 1869 1521 qua
1887 1419 1955 1494 alia

383 1561 517 1636 extant,
546 1558 650 1616 recte
672 1569 692 1615 a
718 1540 840 1617 radice
866 1545 944 1644 ipsa
969 1558 1192 1645 repetantur.

534 1664 667 1742 Cetera
693 1665 841 1758 suffixa,
875 1667 1008 1768 quibus
1035 1664 1168 1741 Graeci
1193 1664 1237 1739 ad
1265 1663 1454 1741 formanda
1487 1689 1532 1740 ex
1557 1668 1635 1768 ipsa
1659 1664 1781 1740 radice
1806 1670 1955 1741 nomina

381 1794 437 1865 usi
467 1805 568 1881 sunt,
602 1789 679 1863 lere
712 1787 895 1877 adiectiris
923 1793 1076 1892 propria
1106 1805 1211 1880 sunt,
1244 1788 1348 1865 velut
1380 1815 1448 1874 ra,
1479 1789 1518 1864 in
1543 1787 1728 1864 Senserito
1760 1787 1955 1890 dipra-a,

379 1909 593 2016 splendidus
611 1939 632 1986 a
649 1912 723 2014 dap
747 1910 954 2015 splendere,
984 1911 1128 1988 Graeco
1146 1905 1326 2022 intrepi-e,
1353 1912 1506 2016 aliisque
1523 1911 1730 2006 ‘adiectivis3
1766 1939 1859 2015 quae
1879 1930 1951 1988 ter·

380 2040 530 2111 minatio
544 2062 627 2110 raro
641 2039 678 2110 in
693 2038 924 2111 substantivis
948 2039 1144 2128 invenitur,
1173 2037 1274 2113 velut
1299 2029 1383 2146 ἕῷα,
1409 2042 1537 2139 inquo
1558 2035 1605 2111 ad
1618 2041 1672 2112 rei
1683 2063 1820 2112 nomen
1838 2053 1952 2114 trans·
2064 2115 2069 2130 ,

379 2151 451 2236 lata
485 2175 548 2234 est
599 2159 730 2262 Neque
763 2183 857 2234 ara
891 2158 1089 2263 separanda
1115 2178 1217 2254 sunt,
1253 2187 1346 2264 quae
1372 2155 1411 2236 in
1437 2187 1509 2235 ura
1534 2178 1687 2236 exeunt:
1729 2159 1955 2236 Sanscriturn

380 2283 631 2369 ddldura-s,
655 2281 810 2375 findens,
838 2281 955 2358 arad.
985 2282 1089 2358 thid
1112 2283 1266 2378 findere,
1294 2283 1479 2360 Graecum
1505 2277 1640 2394 ἐχυροῖς
1664 2277 1825 2394 (ὀχυροῖς,
1850 2288 1952 2378 leff-

379 2400 482 2516 po'·s),
520 2407 694 2483 Latinum
719 2422 835 2489 sator,
861 2411 962 2482 cuius
994 2412 1238 2485 nominativus
1271 2433 1388 2512 aeque
1427 2405 1635 2484 decurtatus
1667 2425 1721 2484 cst
1752 2425 1861 2512 atque
1886 2419 1955 2492 atr,

376 2559 469 2632 puer
499 2555 700 2634 omnesque
733 2536 773 2605 in
807 2557 848 2605 er
879 2535 1113 2623 nominativi,
1153 2535 1217 2633 qui
1250 2531 1295 2606 ad
1329 2531 1525 2607 secundam
1552 2530 1836 2607 declinationem
1868 2557 1952 2635 per-

377 2661 508 2730 tinent.
559 2655 658 2728 Tum
684 2658 728 2727 ἰα
753 2653 814 2726 hic
837 2653 1239 2742 commmemorandum
1267 2671 1321 2730 est
1353 2654 1455 2757 quod
1486 2653 1728 2758 praecedente
1753 2681 1780 2728 a
1804 2659 1844 2728 in
1867 2648 1952 2728 1εά-

375 2783 544 2877 pala-s,
570 2767 764 2885 τροχαλὸ-ς,
790 2793 876 2879 post
902 2805 925 2848 ω
950 2769 1116 2852 vocalem
1142 2781 1180 2852 ln
1207 2768 1391 2876 petisti-e,
1417 2770 1628 2886 ansgrad-c
1646 2781 1840 2882 reperitur,
1871 2782 1952 2882 qui-

377 2903 446 2974 bus
474 2923 566 3002 qnae
592 2898 818 3001 respondent
843 2897 1017 2972 feminina
1040 2901 1259 2992 abstractam
1284 2888 1583 3003 significationem
1604 2920 1710 2978 nacta
1727 2919 1824 2995 sunt,
1852 2901 1954 2980 velut

378 3013 526 3116 εὔχωλῆ,
552 3013 711 3129 reparati,
738 3014 899 3108 annunti
913 3020 1001 3118 257);
1030 3025 1069 3096 in
1093 3033 1187 3110 ulto-e
1210 3024 1426 3099 terminatur
1452 3018 1616 3112 σιγηλὸ-ς,
1642 3026 1734 3118 alia;
1768 3037 1827 3112 tta
1854 3030 1951 3101 simi-

376 3147 461 3220 liter
486 3161 527 3219 ut
553 3157 617 3234 ωλη
644 3148 866 3221 substantiva
892 3143 1045 3220 formate
1074 3137 1188 3244 ξυηλή,
1214 3138 1388 3244 *suppetat
1433 3145 1564 3222 Cetera
1590 3133 1852 3226 adiectivorum
1875 3137 1950 3224 stil-

376 3269 447 3343 fixa
471 3269 545 3342 huc
570 3295 647 3342 non
673 3273 871 3371 pertinent.
916 3263 1011 3342 Nam
1039 3290 1153 3370 quum
1178 3267 1216 3342 id
1234 3272 1342 3344 nobis
1359 3276 1659 3372 proposuerimus
1677 3271 1948 3376 exponendum,

373 3389 568 3495 quomodo
599 3395 640 3464 in
672 3391 795 3492 lingua
822 3389 963 3464 Graeca
987 3391 1252 3466 abstracturum
1272 3391 1404 3466 suffixa
1431 3420 1450 3466 a
1476 3420 1714 3496 personarum
1739 3397 1949 3470 nominibus

373 3529 647 3618 repeterentur,
690 3529 886 3616 postquam
925 3530 1158 3615 cognatarum
1197 3515 1401 3617 linguarum
1451 3543 1523 3621 ope
1563 3543 1657 3621 quae
1704 3545 1749 3594 eo
1792 3519 1945 3611 ¹faciunt,

377 3635 630 3729 disseruimus,
665 3637 862 3739 multisque
890 3635 1065 3741 exemplis
1088 3655 1251 3714 nostram
1277 3645 1493 3716 sententiam
1520 3619 1812 3719 confirmavimus
1837 3642 1950 3718 finem

285 3801 292 3826 κ
375 3759 561 3837 scribendi
585 3761 705 3838 facere
731 3761 829 3836 licet.

785 3916 934 3932 ψ

431 3985 487 4066 ²⁶⁵)
529 3987 582 4048 Gr.
592 3987 643 4064 11,
664 4009 692 4068 p.
703 3986 775 4048 :tt-7.
868 4001 874 4010 '

430 4085 485 4166 ²⁵⁶)
528 4088 666 4163 Quintam
686 4087 763 4149 enim
785 4089 1008 4160 declinationem
1029 4111 1045 4151 a
1065 4091 1158 4174 prima
1179 4092 1263 4154 initio
1285 4114 1345 4154 non
1366 4093 1507 4156 diversam
1528 4094 1624 4172 fnisse,
1647 4071 1947 4176 demonstraritBop-

375 4191 447 4270 pius.
490 4189 591 4272 Vergl.
613 4189 667 4249 Gr.
689 4210 718 4269 p.
731 4187 801 4248 142.
1673 4249 1679 4261 ,

430 4285 485 4367 ²⁶⁷)
528 4309 592 4349 cum
613 4287 665 4350 hac
686 4289 888 4351 terminatione
910 4284 962 4378 ω’ρη
986 4292 1219 4376 coniungendam
1242 4313 1313 4370 esse,
1335 4293 1413 4373 qnod
1432 4306 1544 4354 tantum
1565 4291 1719 4369 radicibus,
1740 4315 1813 4375 quae
1834 4293 1944 4356 tlitte-

375 4411 435 4450 ram
450 4388 561 4451 'liabent
581 4383 749 4480 (θᾳλπωρῆ,
770 4385 890 4478 ἐλπωρή,
910 4384 1032 4479 discerpti)
1054 4393 1189 4477 affigitur,
1211 4406 1291 4456 recte
1314 4395 1402 4456 docet
1421 4388 1616 4471 Buttmannus,
1638 4391 1743 4454 Gnll.
1763 4418 1793 4477 p.
1815 4395 1884 4457 319.

519 4673 587 4749 Quo
609 4674 729 4752 facilius,
751 4676 820 4756 quid
841 4675 984 4737 voluerim
1006 4677 1239 4756 conspiceretur,
1261 4677 1354 4738 adieci
1374 4675 1514 4754 tabulam,
1536 4679 1567 4738 in
1588 4699 1642 4759 qua
1663 4679 1799 4760 pleraque
1821 4678 1857 4739 de
1879 4679 1943 4758 qui-

374 4775 425 4836 bus
440 4774 557 4858 egimus
577 4775 674 4837 suffixa
690 4789 913 4852 enmnerantur,
938 4775 980 4836 sic
1003 4775 1155 4856 disposita,
1182 4777 1388 4838 macerandum
1410 4799 1462 4854 ea,
1484 4797 1554 4857 quae
1576 4780 1607 4840 in
1628 4779 1679 4844 liae
1702 4779 1943 4844 commentatione

374 4875 498 4957 probare
519 4875 685 4952 studuimus,
707 4878 846 4959 optimum
867 4873 1026 4936 ridebatur.

932 5077 1381 5114 -----
