4532 5882
1166 482 1225 574 54

409 705 530 797 edere,
560 669 788 794 consumere,
817 703 903 804 quia
929 696 1040 772 dolor
1066 694 1159 794 (rad.
1188 695 1404 796 deldeleo?)
1429 697 1617 776 hominem
1644 696 1792 773 coniicit
1817 714 1854 778 et
1881 701 1984 800 quasi

408 829 581 906 comedit.
644 827 786 922 Quibus
818 819 991 898 omnibus
1031 822 1241 896 conseratur
1270 805 1442 896 Latinum
1470 833 1629 925 pagina,
1666 821 1766 924 quod
1803 839 1902 898 recte
1938 823 1984 898 ad

403 983 499 1060 pag,
521 977 649 1055 pango
674 951 849 1041 trahitur,
881 951 985 1051 quia,
1015 965 1057 1024 ut
1080 947 1326 1023 Forcellinius
1349 945 1418 1038 ait,
1448 946 1572 1020 charta
1598 945 1640 1020 fit
1666 971 1712 1024 ex
1737 944 1893 1048 philuris
1920 974 1985 1023 seu

407 1083 539 1154 tunicis
570 1079 700 1180 papyri
732 1079 931 1174 compactis
961 1089 999 1146 et
1024 1075 1261 1176 compressis3
1295 1079 1436 1144 trutina
1462 1087 1601 1163 autem,
1639 1068 1829 1156 mochum,
1856 1083 1985 1174 patmp

408 1201 593 1278 aGraccls
621 1189 785 1308 (τρυτάνη,
812 1189 956 1292 meist,
982 1189 1125 1298 πατάνη)
1152 1195 1343 1298 desumpta
1371 1219 1448 1270 esse
1467 1191 1649 1287 videntur,
1679 1193 1844 1297 quamvis
1856 1207 1988 1296 potina

283 1323 288 1338 '
409 1331 550 1430 optimc
584 1349 604 1398 a
633 1322 796 1426 patendo
827 1325 1009 1396 nominari
1039 1307 1218 1424 potuerit
1269 1318 1402 1421 Neque
1436 1318 1619 1394 Senserita
1651 1317 1774 1421 lingua
1807 1305 1987 1396 eitumodi

406 1451 616 1525 nominibus
642 1463 759 1539 caret,
790 1469 897 1549 quae,
924 1462 965 1520 ut
980 1446 1169 1549 pleraque
1195 1449 1233 1518 in
1260 1471 1310 1530 ονη
1335 1441 1535 1536 vocabula,
1565 1444 1744 1544 abstracta
1769 1461 1871 1520 sunt:
1906 1447 1984 1518 ltd-
2087 1462 2094 1480 ⁸

407 1575 544 1658 rond,
569 1595 675 1646 causa
702 1569 802 1662 sits,
827 1570 967 1656 sacere;
995 1569 1156 1644 isdund
1173 1565 1403 1656 desiderium
1422 1569 1467 1642 ab
1494 1563 1560 1642 isis
1588 1565 1806 1660 desiderare,
1836 1567 1918 1643 alia.
1941 1613 1981 1630 -··

408 1698 561 1800 Saepius
594 1698 710 1768 utitur
740 1695 813 1768 hoc
844 1694 975 1768 suffixo
1006 1697 1045 1768 in
1076 1711 1207 1768 neutro
1240 1717 1385 1796 genere.
1440 1690 1547 1766 Adeo
1580 1693 1678 1765 enim
1712 1691 1870 1793 vulgaria
1903 1710 1988 1772 sunt

407 1824 556 1896 nomina
582 1821 759 1894 abstracta
785 1821 837 1892 sid
862 1818 1037 1911 formata,
1074 1835 1117 1893 ut
1150 1818 1227 1894 fere
1258 1817 1428 1892 infinitivi
1460 1819 1573 1889 instar
1606 1816 1652 1888 ab
1682 1840 1905 1918 unaquaque
1929 1843 1986 1892 ra-

409 1944 488 2020 dice
521 1943 609 2046 fingi
634 1947 794 2046 possint,
832 1959 868 2018 et
898 1969 919 2016 a
951 1943 1190 2045 grammaticis
1221 1939 1266 2016 ad
1297 1937 1668 2016 circumscribendam
1700 1937 1831 2015 radicis
1863 1946 1986 2015 notio·

407 2095 492 2144 nem
517 2089 606 2171 prae
632 2069 762 2142 ceteris
786 2083 1022 2169 usurpentur.
1078 2065 1219 2140 Graeca
1254 2087 1348 2168 quae
1383 2091 1465 2138 cum
1497 2063 1554 2137 his
1588 2064 1727 2138 formae
1754 2088 1859 2168 causa
1885 2089 1986 2140 com-

406 2208 583 2296 parantur
614 2185 721 2265 usum
753 2190 866 2294 paulo
898 2189 1082 2266 diversum
1113 2189 1264 2266 habent.
1319 2187 1458 2263 Neutra
1473 2192 1528 2273 ,in
1559 2215 1649 2260 avo-s
1680 2192 1780 2264 enim
1812 2213 1888 2264 non
1921 2191 1985 2262 ab-

407 2333 560 2392 stractas
584 2313 746 2390 notionis
773 2337 863 2406 esse,
892 2313 957 2390 sed
977 2319 1107 2418 potius
1131 2338 1191 2388 res
1215 2314 1320 2390 verbi
1344 2329 1428 2387 actu
1458 2312 1607 2391 effectas
1634 2309 1821 2414 designare
1844 2314 1984 2388 solent:

407 2433 538 2544 ξόανα-ν
568 2481 609 2498 -·
640 2437 742 2541 quod
773 2437 974 2542 scalpendo
1005 2441 1143 2513 factum
1176 2453 1248 2530 ett',
1283 2429 1432 2510 naiaco-s
1463 2481 1503 2528 ·.··
1534 2431 1571 2509 ri
1603 2431 1827 2526 κεκτημένα-νς
1858 2427 1987 2512 salus

408 2594 474 2638 vos
489 2607 531 2624 ·-
548 2557 586 2637 cl
613 2557 853 2653 πεπλεγμένης
881 2553 1041 2652 cirrose-v
1057 2605 1097 2622 -
1114 2555 1152 2633 ri
1166 2554 1397 2651 πεπεμμένα-ν,
1423 2553 1557 2649 πέμμας
1583 2551 1780 2655 osipus-v,
1807 2553 1988 2667 dpirtuvsv,
2112 2632 2115 2640 ,

406 2682 557 2782 ὄχανα-ν,
582 2677 757 2794 τρύπανα-ν
777 2689 1016 2758 instrumenta
1028 2682 1241 2784 designaut.
1261 2727 1303 2744 ·-
1320 2681 1444 2757 Latini
1460 2681 1671 2756 huiusmodi
1687 2685 1849 2775 nomina,
1871 2709 1987 2786 qrran·

406 2831 486 2887 tum
511 2813 609 2901 scio,
646 2832 724 2882 non
740 2807 973 2900 'formarunt3
1005 2807 1236 2910 aliquatenus
1266 2824 1390 2882 tamen
1415 2806 1472 2881 his
1498 2823 1730 2910 comparatur
1741 2809 1917 2908 suemus,
1948 2797 2007 2886 in'

409 2959 485 3038 quo
522 2949 615 3036 puto
649 2930 724 3005 duo
742 2931 886 3005 'suffixa
912 2927 1029 3004 inesse
1060 2941 1098 3004 in
1133 2930 1198 3028 (cf.
1225 2936 1385 3035 ungula)
1413 2948 1451 3005 et
1475 2958 1519 3006 us
1543 2933 1704 3028 (vell-us)
1732 2948 1843 3035 atque
1869 2933 1989 3010 simile

323 3067 331 3084 ⁸
408 3076 463 3134 est
487 3069 589 3150 tt-er,
628 3052 729 3158 quod
743 3101 748 3110 ·
764 3076 866 3129 ossus
898 3053 1074 3154 obliquos
1101 3077 1147 3126 ex
1171 3063 1278 3128 itiner
1301 3054 1461 3128 themate
1488 3054 1641 3145 format,
1678 3054 1779 3157 quod
1806 3081 1826 3130 n
1852 3055 1931 3132 rad.
1959 3069 1984 3150 t,

407 3181 528 3258 addita
546 3195 561 3254 t
577 3181 711 3268 littera,
741 3175 887 3250 duobus
912 3187 950 3249 in
966 3187 1004 3250 et
1020 3197 1062 3249 er
1080 3179 1140 3274 (a
1158 3180 1215 3272 us)
1234 3176 1373 3252 suffixis
1391 3174 1589 3251 deductum
1617 3201 1693 3252 esse
1718 3181 1899 3282 probatur
1907 3179 1983 3280 ²²⁴).

406 3307 620 3394 Postremo,
649 3327 697 3374 ne
725 3303 790 3402 qui
815 3298 1086 3400 significationis
1112 3295 1244 3373 modus
1268 3298 1516 3392 desideretur,
1546 3301 1608 3378 vel
1633 3305 1672 3374 in
1701 3301 1885 3379 adiectivis
1913 3305 1988 3380 hoc

407 3425 579 3505 suffixum
602 3405 819 3526 usurpatur,¹
840 3437 915 3497 tarn
940 3421 1038 3524 apud
1064 3417 1178 3496 Indos
1210 3465 1249 3482 -·-
1279 3427 1346 3527 qui
1371 3425 1566 3526 lrrpana,
1588 3429 1716 3520 miser,
1752 3427 1877 3504 arad.
1906 3429 1986 3532 lrrp

407 3554 584 3643 misereri,
613 3548 798 3638 fecerunt,
836 3569 946 3648 quam
971 3544 1070 3650 apud
1094 3545 1279 3640 Graecos,
1316 3551 1381 3650 qui
1408 3549 1521 3624 multa
1547 3547 1723 3628 adiectira
1754 3551 1828 3631 hoc
1853 3553 1985 3630 suffixo

409 3703 452 3752 ex
478 3701 571 3780 pura
594 3670 716 3748 radice
742 3665 946 3746 formarunt
971 3667 1090 3747 velut:
1126 3663 1263 3755 idaci-s,
1298 3663 1439 3756 isari-s,
1471 3665 1649 3763 crepui-c
1682 3669 1879 3766 cussit-9,
1910 3651 1985 3752 tta-

409 3795 572 3899 ui-5225),
607 3788 783 3878 nudavi-s,
807 3785 955 3884 ⁸duceri-s·
1007 3797 1105 3884 Tum
1137 3801 1297 3901 quaein
1325 3789 1416 3874 &zvis
1443 3815 1591 3876 exeunt:
1624 3792 1816 3892 partui-s,
1848 3797 1985 3887 russin.-

409 3919 486 4006 νό-ς,
512 3912 722 4011 afficti-r,
747 3911 943 4018 mosiaci-r
967 3923 1012 3996 ab
1039 3923 1224 3996 obiectivis
1255 3926 1295 3995 in
1318 3949 1407 4000 cus-c
1431 3949 1508 3997 non
1534 3927 1645 4024 magis
1672 3923 1848 3999 differunt
1873 3951 1985 4028 qttam

320 4123 322 4128 .
356 4141 358 4144 ¹
410 4031 559 4124 nomint
585 4037 724 4146 pastris,
743 4035 901 4130 'cumdeda
927 4037 1089 4132 aniciis,
1113 4037 1263 4144 rupaldo
1289 4073 1317 4120 a,
1333 4047 1545 4122 nominibus
1571 4051 1610 4120 in
1635 4049 1771 4146 ut(ev).
1810 4048 1985 4129 Ceterum
2044 4117 2048 4130 .

407 4299 521 4362 Ahrsns
543 4297 579 4360 de
601 4297 678 4360 diall
698 4297 796 4362 Aeoli.
816 4311 847 4382 p.
863 4299 927 4374 80.;
948 4300 997 4382 qui
1018 4300 1090 4364 falso
1112 4303 1225 4364 Sauscr.
1247 4306 1395 4360 vedana
1416 4321 1482 4364 curu
1502 4296 1586 4373 ὀδύνη
1608 4312 1767 4382 comparatu
1788 4308 1806 4362 t
1825 4305 1902 4369 euim
1921 4308 1941 4371 i.
1956 4329 1983 4372 c.

409 4409 440 4458 ui
460 4422 476 4460 a
497 4399 614 4460 Graeco
635 4424 649 4458 ε
669 4400 717 4461 vel
739 4425 752 4459 ο
773 4421 891 4482 prorsus
913 4401 1057 4463 diversum
1079 4414 1136 4475 estc
1164 4423 1257 4482 neque
1284 4400 1374 4460 ullum
1403 4400 1579 4483 digammatis
1600 4401 1758 4486 vestigium
1774 4406 1849 4486 apud
1870 4407 1982 4470 Home-

408 4521 472 4562 rum
491 4501 646 4564 iuremtur.
657 4529 698 4546 «-
710 4499 849 4562 Ceterum
869 4499 978 4563 Aeoles
1000 4504 1085 4564 etiam
1102 4523 1157 4584 pro
1172 4493 1390 4562 τέκτων-τέκτῦν
1404 4488 1560 4580 (murdrac)
1577 4500 1711 4562 dicebant
1724 4503 1852 4582 (uirens
1866 4529 1895 4588 p.
1907 4507 1981 4587 98.).

464 4597 520 4680 ²²⁴)
557 4608 694 4674 pulvinus
720 4615 750 4662 ct
771 4609 911 4676 pulvinar
937 4602 1039 4664 similia
1065 4615 1146 4680 sunt,
1174 4624 1297 4683 quorum
1324 4602 1354 4660 in
1375 4603 1475 4682 priore
1496 4625 1597 4679 unum,
1625 4603 1655 4663 in
1681 4603 1774 4668 altero
1802 4606 1982 4670 duo-suffixa

410 4701 642 4784 conspiciuntur;
669 4701 791 4763 alternat
817 4689 851 4762 in'
874 4702 990 4762 modurn
1011 4710 1065 4761 iter
1084 4701 1218 4763 vocabuli
1231 4709 1333 4777 jecur,
1349 4708 1516 4772 isc-inuru;
1535 4711 1665 4776 jecin-cr
1684 4720 1784 4788 aperte
1805 4707 1909 4788 duplex
1922 4709 1981 4770 sui-

407 4805 492 4863 lixum
513 4799 615 4877 babet,
640 4823 727 4880 quum
754 4803 849 4885 lingua
863 4802 1007 4864 Sanscrita
1028 4804 1058 4863 in
1072 4810 1182 4880 jakpt
1203 4805 1279 4864 inter
1299 4809 1361 4886 lest
1380 4815 1412 4863 et
1431 4809 1518 4870 tan,
1545 4807 1604 4866 sive
1619 4823 1660 4880 ,rt
1680 4819 1711 4868 et
1731 4829 1780 4866 an
1801 4807 1888 4884 dicas,
1908 4809 1981 4873 fluc-

408 4917 478 4966 tuet.
519 4903 604 4983 Bopp
626 4902 722 4984 Sktgr.
744 4899 772 4982 §
785 4902 854 4963 189.

463 4999 520 5082 ω>
562 5003 640 5082 qnod
657 4999 807 5063 scholiasta
828 5000 1080 5078 adn.tt.,171.
1103 5001 1137 5062 ab
1159 4997 1260 5075 ἥδομαι
1303 5005 1410 5085 repetit
1430 5006 1483 5084 (ci.
1505 5007 1611 5070 Buttm.
1634 5009 1698 5070 lexil
1710 5007 1764 5082 11„
1784 5006 1864 5087 14.);
1885 5023 1981 5093 potest
