4520 5896
1158 113 1198 166 Ν

232 319 435 420 perspicua
460 319 531 394 fuit
557 321 796 429 (Στησίχορος,
821 318 1014 419 Μενέλας),
1049 319 1300 394 'dialectorum
1334 317 1547 392 differentia
1579 317 1691 391 etiarn
1726 316 1774 390 ad
1799 317 1954 416 propria
1979 319 2129 394 nomina
2234 409 2235 426 χ

231 466 473 564 pertinuerit,
513 477 641 540 tamen
675 467 715 539 in
747 467 966 540 universum
1003 491 1048 539 ea
1078 466 1243 539 nominis
1277 465 1398 563 figura
1432 464 1471 537 in
1503 463 1657 560 reliquis
1689 462 1858 537 dialectis
1891 473 2038 539 retenta
2063 476 2128 558 est,
2234 469 2235 480 ³

234 635 331 708 quae
360 623 417 684 est
441 613 585 710 proprii
612 613 769 710 alicujus
796 612 961 686 nominis
986 611 1125 684 nativa.
1166 609 1215 682 Et
1240 611 1333 683 baec
1359 609 1424 682 lex
1449 609 1503 683 ita
1528 608 1678 683 videtur
1704 607 1984 706 quodammodo
2003 633 2128 686 neces·

235 757 335 832 saria
375 783 457 831 esse
496 768 539 830 ut
572 783 650 832 non
684 757 784 856 apud
816 754 983 832 Graecos
1018 767 1164 830 tantum
1199 755 1266 830 sed
1301 754 1400 852 apud
1428 781 1560 830 omnes
1587 767 1720 854 gentes
1746 755 1881 830 valeat
1933 755 2064 854 Itaque
2089 767 2130 832 ut
2234 797 2235 858 q

234 903 375 976 nostris
409 902 643 1001 temporibus
678 903 741 1000 qui
773 903 812 976 in
844 902 1023 976 inferiore
1051 899 1254 977 Germania
1286 901 1366 975 nati
1397 926 1526 975 sumus
1553 913 1689 999 poetae
1716 900 1965 976 recentissimi
1990 927 2130 976 nomen

234 1045 458 1121 Bavaricum
498 1047 600 1146 quod
640 1059 697 1121 est
729 1045 890 1121 Bacherl
923 1072 1148 1146 quamquam
1181 1047 1426 1145 pronuntiatu
1459 1045 1571 1120 nobis
1605 1045 1867 1120 difficillimum
1893 1045 2130 1120 immutatum

234 1192 493 1290 relinquimus,
518 1193 572 1266 ita
598 1205 747 1268 veteres
771 1193 1026 1267 Athenienses
1052 1191 1393 1265 Lacedaemonium
1420 1203 1572 1290 poetam
1598 1194 1776 1291 Ἀλκμᾶνα
1800 1217 1879 1265 non
1905 1195 2129 1296 Ἀλκμαίωνα,

234 1335 500 1437 Mitylenaeum
535 1338 722 1435 poetriam
757 1361 984 1435 quamquam
1014 1363 1092 1410 non
1118 1338 1271 1439 umet,
1297 1339 1439 1437 Σαπφώ
1463 1349 1602 1431 tamen,
1638 1363 1717 1413 non
1742 1339 1856 1438 Σοφιὶν
1881 1351 2069 1416 vocarunt
2094 1351 2131 1414 et

233 1463 471 1557 retinuerunt
503 1482 691 1558 Corinnae
729 1482 967 1582 Erinnaeque
1006 1483 1162 1557 nomina
1199 1481 1355 1556 Aeolica
1389 1508 1468 1556 non
1503 1483 1628 1558 minus
1663 1509 1775 1582 quam
1811 1457 1912 1584 quod
1947 1496 2005 1560 est
2030 1486 2130 1585 apud

233 1625 444 1702 Homerum
462 1638 636 1736 mageima
677 1628 801 1718 Quare
829 1655 913 1704 curn
942 1629 1188 1705 dialectorum
1215 1629 1254 1703 in
1281 1631 1435 1704 nomine
1455 1627 1613 1704 Homeri
1639 1654 1827 1704 consensu
1854 1630 2128 1706 nihilomnino

233 1774 283 1848 ad
309 1777 390 1874 ejus
417 1777 601 1875 originem
627 1774 900 1874 explorandam
925 1775 1153 1873 proficiatur,
1179 1800 1258 1850 non
1285 1775 1405 1874 magis
1435 1775 1681 1873 probabimus
1706 1801 1803 1874 quae
1824 1775 2128 1876 Sengebuschius

231 1917 321 1996 inde
348 1919 510 1996 deducit
535 1920 588 1996 'ls
616 1921 727 2014 enim,
754 1920 901 1996 etiamsi
928 1945 1060 1996 verum
1087 1931 1188 1998 esset
1212 1919 1252 1995 id
1278 1919 1380 2018 quod
1405 1939 1644 2018 nequequam
1669 1933 1828 2015 constat,
1854 1955 1875 2012 η
1899 1925 2067 1998 litteram
2090 1923 2128 1996 in

231 2029 478 2142 illononiine
504 2081 583 2142 no'n
610 2079 694 2140 esse'
721 2089 769 2142 ex
795 2064 821 2143 oi
847 2076 980 2160 ortam,
1006 2077 1134 2142 tamen
1159 2090 1239 2140 non
1266 2075 1369 2140 recte
1390 2063 1755 2160 indeconcluderet,
1782 2067 1945 2142 mediam
1964 2067 2128 2142 nominis

232 2210 418 2309 syllabam
444 2237 610 2309 unquam
635 2195 792 2289 brevem
818 2209 945 2286 flasse.
995 2207 1094 2284 Nam
1121 2235 1170 2284 ex
1195 2210 1395 2308 qualitate,
1434 2221 1477 2286 ut
1501 2211 1555 2286 ita
1582 2209 1704 2286 dicam
1731 2213 1771 2288 in
1798 2193 2128 2311 quantitatem‘lit

230 2368 335 2432 terae
363 2357 468 2430 nulla
492 2357 684 2432 conclusio
712 2369 781 2450 est,
806 2357 946 2455 illoque
972 2355 1142 2446 artificio,
1169 2381 1243 2455 quo
1269 2345 1333 2438 vir'
1353 2355 1606 2451 doctissimus,
1632 2358 1848 2457 majusculis
1869 2358 2004 2434 litteris
2028 2384 2127 2453 usus,
2232 2443 2233 2448 ,

231 2500 280 2574 ab
303 2501 450 2608 Όμηρος
475 2504 524 2577 ad
547 2505 772 2605 ’οΜΕΡοΣ,
806 2504 854 2577 ab
879 2502 1092 2584 ’ΌΜΕΡΟΣ
1123 2497 1351 2610 ad'Ouaigar
1385 2527 1458 2578 nos
1490 2501 1662 2596 deducit,
1698 2506 1853 2580 omnino
1880 2505 2127 2604 supersedere

229 2657 389 2745 poterat.
443 2646 602 2727 Constat
640 2659 767 2723 autem
806 2659 845 2724 et
877 2637 1044 2726 Graecos
1082 2661 1122 2725 et
1153 2648 1270 2724 Italos
1304 2647 1392 2721 inde
1425 2647 1474 2720 ab
1508 2647 1642 2723 barum
1668 2651 1841 2748 gentium
1862 2649 2126 2749 primordiise

230 2794 404 2867 vocalem
437 2793 616 2868 habuisse
650 2818 807 2892 eamque
840 2793 956 2868 modo
984 2806 1215 2893 correptam,
1248 2793 1363 2868 modo
1390 2793 1621 2892 perductam.
1673 2793 1729 2868 Ea
1754 2796 1857 2893 quod
1883 2795 1985 2895 apud
2009 2797 2126 2876 [talos

230 2965 397 3038 semper,
436 2940 537 3040 apud
572 2939 738 3018 Graecos
773 2942 983 3040 antiquiora
1017 2951 1164 3018 tantum
1189 2951 1361 3039 tempore
1388 2964 1504 3014 unam
1518 2939 1690 3039 'figuram
1717 2940 1866 3035 babuit,
1906 2941 1946 3018 id
1970 2967 2053 3018 non
2079 2942 2125 3017 ad

228 3085 381 3184 linguae
413 3087 618 3181 rationem,
657 3086 725 3164 sed
759 3086 808 3162 ad
841 3086 1023 3188 pingendi
1055 3098 1174 3162 artem
1205 3087 1379 3186 pertinet.
1432 3083 1689 3174 Quamobrem
1715 3086 1829 3162 etism
1853 3085 2063 3165 Dorienses
2089 3100 2126 3164 et

227 3231 439 3308 Aeolenses
465 3233 505 3308 in
531 3231 755 3331 quibusdam
780 3233 1072 3332 vocabulis-pro
1100 3258 1146 3309 eo
1173 3231 1275 3332 quod
1312 3231 1351 3306 in
1382 3231 1512 3330 lingua
1544 3231 1803 3329 antiquissima
1836 3233 1907 3308 fuit
1941 3239 1964 3310 t
1995 3266 2015 3324 η
2050 3259 2124 3310 una

229 3401 314 3452 eum
345 3376 502 3454 Ionibus
527 3378 587 3454 usi
612 3389 709 3454 sunt.
770 3376 1005 3476 Quamquam
1040 3379 1139 3454 enim
1166 3386 1195 3458 ol
1219 3374 1484 3487 ὑπιςδωςίζοπες
1508 3379 1587 3478 ἆμι-
1613 3388 1651 3452 et
1675 3377 1800 3479 dmm
1832 3380 1890 3456 bis
1917 3383 1980 3456 val
2006 3381 2124 3458 semel

228 3487 353 3598 dicere
388 3523 469 3598 ausi
503 3534 610 3617 suut,
649 3523 815 3622 vulgaris
848 3534 976 3598 tamen
1010 3525 1123 3598 etiam
1150 3524 1251 3624 apud
1275 3523 1480 3598 Dorienses
1508 3535 1548 3598 et
1571 3524 1931 3602 Aeolenseslorma
1955 3528 2028 3604 firit
2052 3530 2123 3628 sipi·

229 3679 267 3742 et
300 3666 419 3767 ἥμισυς
451 3679 494 3744 ut
526 3667 627 3766 apud
660 3667 815 3744 Latinos
850 3668 969 3744 admi.
1022 3667 1106 3744 Indi
1137 3694 1229 3747 vero
1265 3681 1303 3744 et
1329 3666 1508 3745 Germani
1540 3669 1770 3768 antiquiores
1797 3670 1977 3748 dixerunt
2000 3673 2120 3750 admi.

226 3813 306 3890 Nec
340 3841 499 3915 usquam
533 3815 725 3893 invenitur
756 3811 846 3916 olaus
876 3827 946 3912 pro
978 3809 1063 3914 ἧμαι
1096 3816 1282 3916 positum,
1322 3816 1392 3890 etsi
1416 3815 1457 3890 in
1483 3815 1595 3914 hujus
1621 3815 1730 3891 verbi
1755 3816 1882 3892 radice
1910 3819 2120 3896 alitteram

226 3961 456 4058 primitivam
494 3961 611 4036 fuisse
651 3961 935 4060 comparatione
973 3962 1124 4062 linguae
1164 3927 1378 4040 Sanscritae
1420 3962 1614 4038 evincitur.
1674 3961 1798 4052 Quare
1825 3965 1889 4062 qui
1915 3989 1964 4042 ex
1989 3964 2118 4042 dorico

224 4101 285 4209 ἧμι
312 4121 350 4186 et
373 4103 458 4210 ripas
485 4133 651 4207 unquam
677 4110 733 4208 ἑμι
759 4121 798 4184 et
822 4110 902 4208 ὅμου
928 4109 1217 4209 pronunciatum
1243 4130 1327 4184 esse
1354 4107 1597 4186 concluderet
1621 4109 1653 4184 is
1679 4107 1781 4187 haud
1808 4108 1922 4191 dubie
1943 4121 2094 4188 errarat

385 4256 559 4330 Alterum
597 4255 699 4354 qnod
740 4253 1044 4356 Sengebuscbins
1083 4265 1216 4356 contra
1247 4277 1320 4330 nos
1352 4253 1498 4352 profert
1530 4251 1715 4352 ejusmodi
1746 4266 1820 4348 est,
1858 4266 1901 4330 ut
1925 4257 2046 4356 magis
2071 4253 2118 4330 ad

225 4402 544 4499 generales·quae
566 4413 659 4523 'sunt
684 4401 732 4477 de
758 4401 944 4478 sermonis
969 4401 1125 4479 humani
1149 4412 1287 4475 natrrra
1311 4410 1423 4498 atque
1449 4423 1653 4500 progressu
1679 4401 1919 4498 quaestiones
1940 4425 2051 4500 quam
2071 4397 2116 4474 sd

224 4546 337 4621 nnius
368 4547 525 4646 alicujus
549 4545 701 4648 linguae
728 4548 1028 4647 explorationem
1052 4548 1250 4647 pertineat.
1301 4545 1402 4622 Dicit
1427 4548 1528 4622 enim
1554 4545 1607 4644 (p.
1635 4545 1700 4644 90)
1727 4571 1768 4621 se
1794 4547 1866 4622 sibi
1891 4547 2116 4646 persuadere

224 4715 304 4768 non
337 4718 469 4793 posse,
509 4694 712 4770 discrimen
743 4694 855 4789 illud,
895 4693 997 4792 quod
1028 4694 1126 4769 inter
1151 4695 1215 4794 ὁμο
1241 4705 1280 4769 et
1305 4694 1365 4772 ads
1389 4694 1428 4768 in
1455 4693 1584 4767 multis
1609 4697 1701 4768 sane
1728 4693 1911 4792 exemplis
1938 4694 2114 4784 obtineat,

225 4838 274 4913 ad
307 4851 481 4939 tempora
506 4865 655 4939 quoque
682 4841 748 4914 illa
772 4851 923 4917 vetusta
946 4842 1154 4940 pertinere,
1195 4839 1330 4939 quibus
1358 4839 1522 4940 origines
1547 4841 1713 4916 nominis
1728 4839 1879 4947 Ὅμηρός
1904 4839 2113 4918 adscriben-

224 4984 297 5062 dae
320 4986 405 5061 sint.
446 4985 500 5062 At
518 4997 699 5087 quantum
721 4987 873 5086 quidem
896 5013 945 5064 ax
963 4998 1180 5087 comparata
1198 4988 1297 5062 inter
1319 5011 1361 5062 se
1382 4987 1632 5088 complurium
1655 4989 1870 5089 linguarum
1897 4985 2112 5085 antiquitate
