4520 5896
880 731 885 734 .
980 729 984 735 .
1039 697 1058 764 9
1116 727 1266 734 .,-...,..

359 887 510 972 deiectos
546 899 578 958 et
614 885 791 970 ἀεικέλιος,
826 886 978 972 ἇείδελος
1015 887 1180 982 (ἀΐδηλος)
1217 902 1250 960 et
1286 888 1462 973 ἅειδέλιος,
1500 885 1674 980 ἅπατηλός
1709 899 1743 959 et

361 996 550 1090 ἀπατήλιος
586 1025 688 1088 aeque
715 1004 747 1068 in
769 1025 830 1068 usu
863 1011 947 1070 sunt.
991 1005 1057 1072 Nec
1084 1006 1257 1089 quidquam
1281 1006 1415 1070 interest
1436 1006 1520 1069 inter
1552 1003 1688 1092 σιγηλός
1710 1011 1744 1069 et

361 1135 434 1179 eam
455 1114 601 1190 formam,
624 1135 707 1197 quae
729 1115 906 1197 posteriore
933 1115 1060 1180 demum
1086 1122 1230 1200 ternpore
1251 1116 1385 1198 legitur,
1409 1115 1576 1200 σιγαλέος,
1604 1112 1744 1200 νοσηλός

365 1224 544 1308 (Hippocr.)
572 1231 605 1288 et
631 1223 790 1301 νοσαλέος
817 1225 957 1303 (Noun),
982 1218 1121 1311 Ὀζόλης
1147 1233 1179 1290 et
1201 1218 1340 1306 ὀζαλέος
1368 1225 1532 1309 (Anthol.).
1577 1225 1745 1306 Antiquior

366 1335 535 1402 formabat
556 1333 729 1421 νηφάλιος,
752 1336 912 1418 posterior
934 1334 1111 1423 νηφαλὲος.
1139 1335 1288 1414 Caerulus,
1311 1357 1375 1418 quo
1398 1335 1611 1418 antiquissimi
1631 1341 1745 1417 poetae

361 1446 412 1510 usi
442 1451 530 1522 sunt,
564 1446 661 1510 cessit
687 1445 809 1509 formae
840 1445 1001 1529 ampliori,
1035 1467 1118 1529 quae
1150 1455 1199 1512 est
1226 1449 1388 1523 conulem,
1418 1466 1501 1528 quae
1529 1444 1569 1510 ab
1599 1445 1653 1508 illa
1681 1463 1745 1507 non

363 1557 487 1640 longius
527 1555 630 1620 distat
664 1576 759 1638 quam
792 1555 987 1620 deminutiva
1024 1559 1193 1632 daedaleua,
1231 1561 1380 1643 equabus,
1417 1557 1586 1629 diurudeus,
1622 1556 1746 1632 oculeus,

366 1668 486 1732 nucleus
512 1663 741 1748 (Schwabe'p.
770 1667 824 1747 63)
850 1667 890 1730 ab
918 1667 977 1744 eis,
1006 1688 1088 1750 quae
1116 1670 1150 1732 in
1180 1671 1261 1732 utu-s
1287 1669 1413 1734 cadunt.
1456 1667 1571 1750 ltaque
1600 1667 1660 1730 nisi
1691 1665 1746 1728 ali-

365 1777 554 1860 quantulum
577 1776 766 1840 immutatae
788 1785 893 1841 essent
924 1775 1051 1842 litterae
1074 1780 1187 1844 harum
1210 1778 1395 1858 formarum,
1419 1778 1551 1843 Graecis
1573 1776 1747 1854 vocabulis,

364 1909 447 1972 quae
469 1889 501 1952 in
529 1884 625 1962 αλιος
646 1887 695 1950 vel
725 1884 825 1962 αλεος
846 1893 977 1964 exeunt,
1012 1887 1127 1954 Latina
1149 1892 1180 1954 in
1206 1893 1288 1956 uteru
1316 1890 1381 1954 sive
1408 1891 1476 1954 ilius
1505 1887 1747 1970 responderent.
1847 1971 1850 1978 ,

362 1996 435 2062 Jam
457 2018 533 2062 vero
556 1998 677 2062 dudum
700 2003 835 2078 constat,
858 1998 999 2082 syllabas
1023 2005 1063 2064 do
1091 2007 1124 2064 et
1151 2002 1183 2064 in
1206 2001 1290 2064 Osca
1316 2001 1486 2082 lingua'et
1507 1999 1541 2062 in
1564 1998 1679 2061 Latina
1701 1999 1747 2088 in·

366 2109 494 2172 tardum
516 2108 563 2171 ita
590 2107 823 2190 quodammodo
852 2117 885 2173 et
910 2110 1056 2174 contrahi
1086 2117 1118 2175 et
1149 2111 1277 2194 corripi,
1307 2115 1344 2173 ut
1371 2133 1387 2171 o
1410 2107 1489 2172 illud
1517 2129 1648 2192 prorsus
1676 2125 1748 2170 era-

363 2223 486 2282 nescat.
532 2215 593 2293 Qui
622 2218 704 2281 enirn
730 2217 843 2281 Latine
867 2219 1038 2285 Herennius
1063 2222 1164 2299 audit,
1191 2222 1218 2286 is
1242 2219 1323 2284 Osce
1347 2219 1518 2296 Harant,
1547 2219 1600 2300 qui
1630 2215 1749 2282 Stenius

366 2327 483 2405 Stante,
520 2325 632 2392 eodem
668 2327 763 2392 modo
800 2329 935 2393 Romani
973 2332 1169 2414 antiquiores
1211 2330 1322 2408 Clodio,
1366 2329 1489 2394 Caecilio
1525 2349 1584 2412 pro
1623 2327 1750 2405 Clodius,

369 2436 512 2501 &embra
534 2437 692 2502 dixerunt.
736 2437 788 2502 Sio
810 2444 904 2524 mapis
926 2439 1047 2506 factum
1072 2449 1120 2506 est
1143 2465 1183 2505 ex
1204 2445 1332 2526 inopius,
1359 2444 1447 2504 minis
1467 2439 1501 2502 in
1523 2443 1666 2504 minis-ter
1692 2457 1750 2521 pro

366 2567 403 2612 eo
427 2547 513 2629 quod
535 2547 597 2611 fuit
617 2553 736 2627 mim'us,
760 2551 823 2622 alte,
846 2551 908 2613 alid
930 2571 988 2632 pro
1011 2554 1100 2630 aliua,
1127 2553 1219 2616 uliud.
1263 2552 1334 2629 Qua
1355 2551 1397 2614 de
1426 2570 1462 2614 re
1488 2555 1562 2633 post
1583 2547 1752 2613 Bitschelii

369 2658 653 2722 commentationes
682 2658 723 2722 de
752 2659 963 2724 declinatione
992 2661 1130 2744 quadam
1163 2661 1376 2726 reconditiora
1405 2662 1542 2744 scriptas
1570 2659 1751 2742 complures

367 2773 515 2850 egerunt,
542 2788 560 2832 e
591 2768 707 2850 quibus
729 2768 945 2834 Biiohelerum
977 2772 1160 2836 nominasse
1190 2773 1270 2836 satis
1298 2773 1359 2835 erit
1392 2769 1582 2856 (Grundriss
1613 2771 1671 2833 der
1695 2769 1750 2832 lat.

365 2876 569 2942 Declination
597 2899 626 2960 p.
662 2879 724 2964 11).
768 2879 890 2944 Eodem
918 2881 1018 2962 igitur
1044 2881 1138 2944 modo
1173 2888 1295 2946 certum
1322 2887 1372 2945 est
1399 2901 1439 2946 ex
1465 2881 1680 2945 vetustissimo
1702 2881 1753 2944 -b'o

367 2985 437 3052 fieri
458 2987 606 3070 potuisse
628 2989 671 3066 -Ιί,
696 2995 727 3053 et
747 2990 781 3053 in
803 2990 990 3054 nominandi
1013 3009 1090 3054 casu
1114 3012 1153 3054 ex
1176 2991 1243 3054 lia-e
1264 2990 1314 3053 vel
1336 2993 1405 3055 lin-s
1434 2992 1490 3054 lta
1518 2993 1565 3054 Ac
1586 2989 1752 3073 probabile

369 3105 419 3161 est
441 3097 524 3162 hano
546 3119 581 3162 re
603 3119 680 3163 vera
709 3097 809 3164 fuisse
832 3100 1113 3183 frequentissimae
1141 3100 1226 3164 illius
1249 3101 1301 3164 lie
1327 3100 1564 3164 terminationis
1587 3100 1752 3182 originem.

368 3205 457 3283 Quae
480 3209 507 3271 si
524 3215 612 3274 recte
628 3208 779 3274 conclusa
794 3218 877 3290 sunt,
897 3212 965 3294 jam
987 3231 1050 3274 non
1073 3209 1209 3293 amplius
1223 3211 1420 3283 mirabimur,
1442 3209 1528 3292 quod
1544 3211 1651 3274 omnia
1674 3209 1754 3274 haee

370 3317 527 3382 vocabula
550 3323 616 3383 tam
640 3319 765 3386 Graeca
787 3341 882 3404 quam
906 3321 1021 3385 Latina
1049 3321 1129 3385 adeo
1152 3321 1236 3384 inter
1263 3341 1297 3384 se
1321 3321 1501 3385 concinunt.
1546 3319 1638 3383 Nunc
1659 3320 1753 3398 enim,

367 3426 401 3490 ni
422 3426 533 3506 fallor,
556 3429 787 3510 intelleximus,
816 3431 986 3520 ῥωγαλέος
1009 3439 1041 3496 et
1055 3434 1179 3518 jiapilb
1199 3452 1331 3515 prorsus
1353 3431 1502 3514 aequalia
1525 3451 1603 3509 esse,
1627 3423 1755 3512 ὁμαλός

367 3543 475 3601 autem
509 3545 542 3602 et
573 3541 686 3618 εἰαιὶαᾈ,
718 3541 896 3622 χθαμαλὸς
929 3549 962 3606 et
991 3543 1110 3606 damulis
1141 3561 1205 3605 non
1238 3543 1361 3625 nrajorc
1394 3541 1565 3606 intervallo
1599 3539 1753 3624 separari,

368 3667 479 3730 quam,
512 3667 575 3728 quo
606 3651 805 3733 antiquiores
833 3654 883 3717 nsi
911 3657 1000 3730 sunt,
1029 3653 1144 3717 sterilem
1174 3653 1285 3736 (ster-elo
1313 3651 1429 3716 mulier
1451 3651 1537 3716 Fost.
1560 3673 1591 3735 p.
1616 3651 1691 3733 317)
1722 3655 1755 3714 et

369 3757 484 3836 ueritis,
506 3755 557 3821 vel
576 3761 704 3842 pacatos
727 3761 866 3841 (Terent.
890 3761 1004 3846 Lucil.)
1027 3769 1059 3826 et
1083 3765 1212 3848 promtis.
1257 3761 1403 3828 Ceterum
1427 3784 1466 3827 nc
1488 3761 1603 3827 Graeci
1626 3759 1754 3844 quidem

370 3865 412 3932 ab
436 3867 547 3932 eadem
568 3869 804 3936 terminationis
826 3873 1026 3955 correptione
1051 3892 1183 3955 prorsus
1199 3871 1403 3940 abhorruisse
1418 3874 1574 3948 videntur,
1597 3871 1753 3954 siquidem

367 3973 510 4066 φύξηλις
536 3979 744 4045 Homericum
772 4003 793 4045 a
819 3983 920 4066 stirpe
946 3984 1115 4067 sigmatica
1141 3983 1210 4067 φυξ
1240 3983 1294 4068 (cl.
1322 3979 1500 4071 φύξ-ιμο-ς)
1529 3983 1702 4046 deductum
1725 3989 1756 4047 et

368 4105 472 4166 pauca
494 4091 624 4157 uomina
646 4091 758 4156 similis
780 4091 933 4172 fabricae,
956 4115 1039 4178 quae
1063 4093 1242 4159 Lobeclrius
1264 4096 1297 4158 in
1319 4095 1442 4177 l’rolcg.
1465 4117 1495 4177 p.
1514 4099 1572 4158 110
1594 4093 1754 4171 tractarit,

368 4193 482 4262 eodem
503 4199 599 4268 modo
622 4222 663 4266 ex
685 4198 847 4289 φυξηλιος
869 4209 903 4268 ot
925 4205 1082 4270 similibus
1104 4205 1216 4269 formis
1232 4203 1320 4270 facta
1341 4211 1428 4284 sunt,
1452 4225 1515 4289 quo
1538 4205 1754 4268 Romanorum

368 4305 419 4368 liu
445 4327 484 4370 ex
510 4311 581 4375 lio-s
608 4316 791 4395 correptum
820 4333 888 4378 esse
917 4316 1121 4399 conjecimus.
1167 4315 1233 4380 Neo
1263 4313 1379 4379 desunt
1408 4315 1494 4398 apud
1521 4315 1661 4379 Graecos
1690 4313 1755 4378 alia

372 4417 520 4499 exempla
537 4420 731 4506 syllabarum
747 4422 879 4487 similem
896 4425 927 4488 in
951 4425 1079 4488 modum
1095 4433 1322 4509 correpturum.
1346 4425 1424 4502 Quis
1447 4426 1528 4489 enim
1552 4424 1756 4498 dubitaverit,

369 4527 447 4609 quin
470 4525 671 4617 dado-cepte
697 4538 837 4616 ponatur
858 4553 917 4616 pro
944 4533 1170 4623 δεξιατερο-ς,
1202 4532 1413 4622 ληι-Βότειρα
1435 4555 1494 4619 pro
1517 4533 1756 4622 ipro-dorequo,

370 4631 452 4724 πρίν
474 4659 533 4720 pro
557 4661 676 4725 πρ-ιον
696 4651 734 4708 ut
754 4648 818 4730 prta
840 4645 873 4708 in
891 4647 1048 4730 pennu-s
1068 4665 1127 4728 pro
1145 4647 1255 4732 ptus?

455 4747 589 4812 Accedit
622 4756 730 4815 autem
763 4758 907 4834 tertium,
938 4775 1005 4838 quo
1035 4761 1137 4820 totum
1167 4755 1227 4821 hoo
1262 4775 1361 4838 genus
1394 4755 1436 4820 ad
1469 4758 1622 4840 maJ'orem
1657 4757 1754 4821 etiam

1531 4865 1548 4910 2,
