4520 5896
340 2077 522 2214 Philippus
544 2131 759 2196 Buttmannus
782 2132 810 2196 si
831 2129 905 2214 plus
927 2132 999 2196 aliis
1021 2133 1071 2197 sui
1092 2131 1245 2216 temporis
1269 2130 1439 2216 philologis
1463 2131 1497 2195 iu
1519 2129 1730 2195 discutiendis

340 2248 569 2315 vocabulorum
593 2249 836 2314 Homericorum
860 2249 1002 2316 tenebris
1023 2249 1175 2334 profecit,
1203 2255 1376 2334 propterea
1397 2249 1536 2316 maxime
1559 2249 1621 2315 hoc
1643 2269 1727 2314 asse·

340 2373 433 2434 cutus
456 2369 612 2453 estquod
635 2389 812 2452 numquam
835 2369 914 2435 satis
935 2368 1050 2436 habuit
1071 2369 1105 2434 in
1127 2391 1221 2436 usum
1248 2369 1416 2435 verborum
1445 2375 1542 2452 atquc
1572 2387 1728 2433 conexum

341 2490 574 2553 sententiarum
596 2488 768 2571 inquirere,
791 2488 849 2554 sed
872 2487 969 2553 etiam
991 2489 1094 2572 ipsam
1117 2488 1246 2572 linguae
1266 2487 1424 2554 fabricam
1439 2487 1729 2571 vocabulorumquc

340 2611 372 2671 et
394 2605 569 2672 formarum
596 2609 736 2691 origines
766 2629 892 2674 summa
919 2606 1063 2672 sollertia
1092 2607 1289 2692 explorabat.
1334 2607 1440 2685 Quare
1469 2606 1561 2672 uobis
1589 2608 1644 2690 qui
1672 2607 1731 2672 ali·

341 2726 497 2808 quantulo
519 2727 659 2810 largiore
682 2727 880 2811 supellectile
901 2727 1051 2792 instructi
1072 2726 1207 2810 viaeque
1230 2727 1419 2792 strationis
1442 2726 1540 2811 paulo
1562 2726 1731 2810 peritiores

341 2844 434 2908 nobis
457 2865 528 2908 esse
550 2844 704 2924 videmur,
726 2847 760 2909 in
783 2846 964 2929 glossarum
980 2845 1226 2912 Homericarum
1248 2846 1280 2910 vi
1302 2867 1340 2912 ae
1362 2851 1525 2930 potestate
1547 2843 1730 2928 indaganda

342 2960 432 3026 haud
458 2982 535 3027 raro
563 2961 611 3026 vel
642 2962 684 3026 ad
714 2983 753 3027 ea
782 2965 902 3028 reverti
925 2963 974 3030 val
998 2965 1044 3029 cis
1066 2965 1158 3046 quasi
1181 2965 1390 3030 fundamento
1414 2964 1463 3030 uti
1484 2965 1561 3030 licet
1584 2984 1668 3047 quae
1691 2963 1731 3028 ab

342 3081 397 3146 illo
425 3081 593 3165 proposita
620 3085 718 3164 atque
746 3082 890 3148 indicate
917 3087 1002 3149 sunt.
1050 3082 1121 3148 Uno
1150 3083 1211 3147 hoc
1241 3083 1385 3166 exemplo
1420 3083 1660 3159 demonstrabo,
1692 3082 1731 3146 de

344 3219 408 3283 quo
437 3219 633 3283 quamquam
663 3202 731 3284 ipse
760 3208 869 3268 rectae
896 3202 1078 3268 sententiae
1108 3206 1221 3267 auctor
1249 3201 1310 3267 sibi
1337 3221 1401 3266 non
1432 3201 1592 3279 constitit,
1624 3208 1731 3266 tammr

343 3319 465 3402 primus
488 3318 580 3400 vidit,
608 3341 672 3404 qua
694 3321 727 3385 in
750 3321 905 3387 renardo
929 3321 1125 3404 quaestionis
1148 3325 1329 3387 verteretur
1352 3326 1384 3386 et
1406 3320 1567 3404 quomodo
1595 3319 1635 3386 ad
1664 3341 1731 3385 cer·

344 3443 413 3503 tum
433 3437 591 3524 judicium
614 3441 773 3524 perveniri
795 3447 913 3525 posset.

429 3557 548 3625 Forma
572 3552 690 3647 ἑάφθη
714 3561 838 3626 duobus
860 3565 986 3625 tantum
1009 3559 1089 3624 locis
1112 3559 1205 3624 nobis
1228 3558 1351 3626 tradita
1374 3565 1435 3625 est:
1459 3559 1487 3623 N
1512 3563 1573 3624 543

549 3671 687 3765 ἐκλίνθη
711 3669 743 3743 δ’
769 3673 911 3768 ἑτέρωσε
932 3674 1029 3765 κάρη,
1053 3673 1121 3744 ἐπὶ
1146 3669 1179 3742 δ’
1204 3669 1306 3756 ἀσπὶς
1328 3672 1465 3766 ἑάφθη

550 3794 606 3862 καλ
628 3795 738 3884 κόρυς·
763 3790 852 3884 ἀμφὶ
875 3795 913 3862 δέ
936 3795 966 3862 oi
990 3794 1141 3875 θάνατος
1160 3789 1240 3878 χύτο
1262 3794 1496 3886 &propalatae

346 3917 416 3983 etl
440 3923 501 3982 419

548 4031 661 4122 χειρὸς
683 4026 716 4099 δ’
740 4029 879 4116 ἔκβαλεν
900 4029 1003 4120 ἔγχος,
1027 4027 1084 4102 ἐπ’
1109 4028 1199 4120 αὐτῷ
1222 4028 1254 4098 δ’
1279 4025 1381 4112 ionic
1404 4029 1538 4123 ἑάφθη

549 4157 602 4218 καὶ
625 4149 734 4241 κόρυς·
758 4145 847 4242 ἀμφὶ
869 4151 908 4219 δέ
930 4152 961 4218 ci
984 4150 1087 4244 βράχε
1109 4150 1224 4234 τεύχεα
1248 4149 1387 4220 ποικίλα
1407 4151 1529 4239 χαλκιῐ.

345 4274 481 4358 Deque
505 4275 609 4340 forma
628 4274 697 4358 jam
719 4279 843 4339 veteres
871 4277 1071 4357 grammatici
1100 4275 1227 4341 dirersa
1254 4272 1468 4358 protulerunt.
1514 4274 1636 4340 Omitto
1659 4277 1732 4338 Arn-

344 4395 496 4473 monium‚
519 4393 575 4476 qui
598 4391 793 4478 lepidissimo
815 4393 991 4476 pleonasmi
1013 4395 1143 4460 invento
1165 4415 1242 4461 usus
1266 4389 1383 4481 ἑάφθη
1401 4429 1439 4440 -
1459 4393 1504 4458 sio
1527 4393 1609 4459 enim
1633 4393 1732 4474 scrip·

347 4513 442 4578 sit-
463 4533 502 4576 ex
525 4506 613 4599 ἒάθη
635 4511 756 4578 iactum
781 4532 849 4578 esse
865 4514 999 4596 putavit,
1025 4535 1218 4598 quamquam
1234 4533 1291 4578 nec
1307 4533 1425 4596 magno
1449 4511 1633 4578 Herodiano
1654 4511 1734 4576 hacc

346 4631 454 4716 opinio
486 4629 682 4698 refutatione
711 4631 841 4717 indigna
875 4634 942 4699 visa
971 4639 1021 4697 est
1043 4639 1075 4698 et
1097 4633 1148 4699 vel
1174 4633 1294 4700 nostris
1325 4631 1437 4698 diebus
1465 4631 1658 4698 exstiterunt
1681 4630 1735 4694 lro·
1767 4642 1771 4650 ·

271 4784 274 4791 ·
346 4753 447 4818 mines
478 4751 565 4818 docti
592 4750 648 4832 qui
673 4751 892 4836 pleonasmum
918 4773 957 4817 ex
980 4751 1063 4817 Orco
1091 4754 1123 4818 in
1146 4753 1242 4836 hujus
1265 4753 1418 4836 temporis
1447 4752 1551 4817 lucem
1584 4770 1735 4817 revocare

1543 4863 1555 4909 1
1566 4855 1581 4888 lt
