4520 5896
1001 679 1437 748 ---8·-·---

526 875 640 952 omnia,
663 876 703 938 dc
727 875 843 958 quibus
866 875 998 958 agimus,
1021 875 1250 959 adjectivorum
1273 895 1392 958 genera
1414 876 1498 940 inter
1519 894 1553 938 se
1570 882 1708 958 cognata
1730 897 1800 942 esse
1814 877 1906 942 intel-

525 986 685 1068 legamuS,
713 1007 884 1069 possumus
914 987 955 1052 ad
978 1008 1048 1052 eam
1077 986 1300 1070 quaestionem
1327 985 1480 1062 transire,
1511 1007 1594 1068 quae
1625 992 1673 1052 est
1696 987 1736 1052 ds
1764 989 1852 1052 sonis
1874 995 1908 1054 et

526 1094 637 1158 formis
659 1089 780 1160 eorum.
822 1097 858 1160 In
882 1117 946 1178 quo
967 1098 1104 1180 primum
1126 1096 1188 1161 hoo
1210 1095 1412 1162 manifestum
1435 1101 1493 1174 est,
1522 1097 1788 1180 simplicissimam
1811 1105 1844 1162 et
1865 1099 1906 1163 ob
1929 1175 1930 1180 γ

526 1225 597 1270 eam
633 1226 764 1272 causam
791 1207 997 1290 principalem
1024 1206 1160 1272 formam
1187 1207 1302 1272 harum
1336 1207 1597 1272 terminationum
1626 1226 1696 1270 esso
1725 1209 1768 1286 lo,
1794 1208 1845 1272 oui
1873 1208 1906 1271 in

525 1315 636 1398 lingua
664 1314 829 1382 Sauscrita
855 1318 886 1379 ln
913 1316 1094 1401 respondet.
1138 1317 1190 1381 Sic
1213 1315 1333 1382 dudum
1360 1337 1433 1382 oum
1455 1316 1589 1382 Graecis
1617 1319 1649 1382 et
1669 1316 1793 1382 Latinis
1822 1338 1907 1382 oom-

525 1431 641 1507 parata
674 1431 749 1490 sunt
788 1425 954 1492 Sanscrita
990 1429 1128 1492 torcia-s
1166 1427 1335 1506 tremulus,
1372 1427 1513 1514 epp-aloc
1549 1427 1708 1509 trepidus,
1750 1419 1908 1512 dap-olco
1952 1449 1955 1456 ⁴

527 1534 663 1614 mobilis,
687 1534 867 1602 Gothorum
889 1539 1042 1604 ιΙιοιΙι-ιιὶ-ιι
1072 1559 1207 1616 nocuus,
1230 1537 1465 1603 Germanorum
1491 1537 1782 1602 vetustissimorum
1807 1539 1910 1620 suiset

528 1644 746 1710 somnolentus
762 1637 950 1727 (ὑπιολέος,
965 1642 1138 1736 ὑπνηλός),
1154 1651 1279 1714 ccam-ol
1298 1647 1506 1729 verecundus,
1517 1647 1658 1712 medias·
1672 1649 1789 1712 aetatis
1809 1651 1907 1713 ιοοιιΙι-

528 1757 556 1820 ιλ
575 1756 761 1820 inconstans
784 1754 838 1838 (ol.
868 1757 1125 1845 chkclmutb),
1148 1761 1289 1828 borealis
1311 1760 1441 1842 linguae
1463 1759 1579 1823 veteris
1609 1759 1735 1843 thoy-cll
1763 1752 1907 1846 οιγηλός,

524 1865 783 1947 Anglosaxonum
797 1869 902 1948 fret-ol
914 1869 1004 1948 edax,
1017 1869 1225 1936 Lituanorum
1239 1867 1376 1956 cle-y'lca
1399 1873 1543 1934 attentus
1565 1889 1586 1932 a
1606 1869 1714 1934 radice
1729 1871 1768 1932 ak
1789 1869 1906 1934 videre.

529 1975 695 2040 Vocalium
729 1976 841 2042 eadem
873 1976 940 2044 fere
974 1987 1024 2046 est
1056 1981 1089 2044 in
1121 1982 1226 2048 tribus
1256 1981 1306 2048 his
1333 1981 1450 2064 linguis
1472 1979 1650 2062 Europaeis
1683 1979 1908 2044 inconstantia.

525 2086 619 2168 Apud
641 2085 802 2152 Romanos
825 2094 932 2152 autem
955 2097 1077 2155 certum
1099 2097 1148 2155 est
1168 2117 1191 2155 ιι
1213 2097 1245 2156 st
1265 2095 1278 2155 ι’
1298 2091 1425 2157 vocales
1453 2089 1639 2172 saepissima
1660 2090 1693 2154 in
1716 2089 1908 2171 antiquioris

526 2219 546 2258 a
561 2194 665 2260 locum
681 2199 881 2264 successisse.
908 2199 996 2264 Idem
1012 2200 1098 2265 haud
1119 2221 1193 2265 raro
1216 2199 1285 2266 fieri
1306 2203 1340 2266 in
1353 2199 1517 2267 vocabulis
1539 2221 1560 2264 a
1575 2199 1706 2264 Graecis
1727 2200 1760 2263 in
1781 2199 1908 2264 ltaliam

526 2305 705 2398 translatis,
734 2308 843 2390 qualia
862 2317 938 2376 sunt
956 2315 1151 2396 Apriqmtcm
1178 2301 1377 2399 (Ἀκράγας),
1401 2312 1521 2377 Ηιοολιο
1541 2311 1590 2376 vel
1610 2311 1734 2376 Hecuba
1753 2304 1908 2396 (Ἑκάβη),

521 2419 633 2502 patino
656 2410 828 2504 (πατάνηῖ,
851 2425 959 2484 trutina
982 2413 1164 2509 (τρυτάνη),
1185 2421 1321 2506 pessulus
1347 2419 1549 2504 (πάσσαλος)
1578 2422 1609 2484 in
1638 2422 1751 2503 vulgus
1773 2425 1906 2486 constat

528 2527 572 2590 Ao
594 2547 635 2592 ne
658 2526 699 2591 ab
724 2529 769 2590 eis
793 2530 924 2611 quidem
946 2533 1090 2608 vocibus,
1114 2555 1198 2615 quae
1220 2553 1259 2596 ex
1281 2531 1517 2613 antiquissima,
1546 2537 1582 2595 ut
1603 2532 1651 2596 ita
1672 2531 1790 2606 dicam,
1815 2531 1907 2596 here·

527 2635 628 2702 ditate
659 2636 965 2720 Indogermanorum
994 2641 1083 2707 Italis
1113 2648 1261 2710 servatae
1294 2647 1381 2719 sunt,
1407 2647 1444 2704 ut
1470 2631 1629 2728 ὀμφαλός
1656 2642 1907 2723 (ambil-lena),

525 2759 690 2832 septumo-a
719 2748 767 2812 vel
795 2754 947 2834 septima-s
975 2752 1115 2834 (Sanscr.
1143 2752 1320 2838 septumo-o)
1347 2751 1427 2816 hacc
1455 2749 1613 2814 vocalium
1641 2753 1775 2816 mutatio
1804 2751 1909 2818 aliena

525 2863 581 2922 est.
626 2859 695 2936 Quo
717 2857 763 2934 fit,
785 2861 876 2924 utin
905 2862 1107 2928 deminutiris
1134 2883 1217 2945 quae
1246 2861 1355 2928 eadem
1386 2859 1529 2924 litteral
1552 2867 1696 2940 utuntur,
1725 2861 1908 2927 Graecast

524 2968 627 3032 vocali
647 2993 668 3032 ιι
687 2965 895 3053 iespondeat:
917 2975 1039 3038 vitula-c
1060 2966 1210 3055 (λοαλός),
1234 2973 1359 3058 napata
1374 2965 1583 3056 (κραιπάλη),
1607 2970 1646 3034 de
1662 2991 1725 3054 quo
1741 2972 1909 3038 vocabulo

528 3096 600 3140 rum
632 3097 747 3160 genere
769 3081 938 3165 diligenter
960 3083 1109 3166 exposuit
1130 3081 1316 3148 Schwabius
1337 3083 1370 3146 in
1397 3080 1493 3160 libro,
1520 3101 1617 3162 quem
1643 3081 1683 3146 de
1705 3081 1909 3147 deminutivis

526 3187 663 3270 scripsit,
685 3211 716 3272 p.
741 3196 791 3256 80.

608 3298 659 3364 Ab
682 3299 742 3364 hoc
762 3300 860 3383 igitur
881 3302 985 3386 primo
1008 3301 1109 3386 gradu
1132 3302 1332 3368 ascendimus
1357 3303 1401 3368 ad
1423 3302 1606 3368 secundum.
1651 3302 1737 3366 Nihil
1760 3301 1908 3385 frequen·

525 3408 590 3472 tius
612 3409 716 3474 estin
738 3410 847 3494 lingua
870 3411 994 3478 Graeca
1022 3434 1119 3495 quam
1142 3433 1180 3477 ea
1203 3413 1376 3492 derivatio,
1404 3433 1470 3497 qua
1491 3412 1622 3497 syllabis
1647 3435 1684 3476 ιο
1706 3412 1748 3477 ad
1775 3413 1908 3496 stirpem

528 3517 671 3600 aliquam
705 3522 900 3586 nominalem
934 3523 1096 3607 adjunctis
1128 3544 1243 3589 novum
1277 3522 1415 3590 eflicitur
1446 3523 1651 3602 vocabulum,
1684 3523 1715 3585 vi
1748 3527 1781 3585 et
1805 3543 1866 3586 usu
1888 3545 1909 3586 a

524 3627 694 3710 principali
716 3650 778 3694 non
806 3632 978 3698 admodum
1006 3634 1176 3698 diversum.
1222 3635 1275 3699 Sic
1301 3655 1342 3698 ex
1370 3631 1462 3711 ξένος
1488 3633 1608 3698 factum
1637 3638 1696 3697 est⁴
1713 3627 1836 3709 ξένιος,
1868 3653 1908 3696 ex

525 3729 609 3804 ἓιιιιῖι
632 3731 790 3818 ἑκούσιος,
814 3763 854 3806 ex
876 3740 1055 3830 ἐλεύθερος
1077 3740 1280 3827 ἐλευθέριος,
1303 3767 1344 3811 ex
1363 3742 1517 3832 καθαρός
1538 3737 1717 3828 καθάριος,
1740 3761 1779 3806 ex
1802 3733 1909 3830 ὀρθός

525 3837 657 3934 ὄρθιος,
691 3867 730 3912 ex
764 3849 905 3929 λοῖσθος
937 3848 1107 3930 λοίσθιος,
1140 3875 1179 3918 ex
1212 3845 1339 3919 ἄεθλοι
1371 3845 1521 3920 ἀέθλιον.
1564 3851 1670 3916 Minus
1703 3871 1798 3934 saepe
1830 3851 1910 3918 baec

525 3965 684 4032 derivatio
714 3967 749 4030 in
780 3965 889 4047 lingua
917 3961 1032 4030 Latina
1056 3963 1230 4042 invenitur,
1262 3985 1457 4048 quamquam
1486 3983 1551 4028 non
1578 3962 1709 4027 dubium
1744 3967 1806 4041 est,
1833 3963 1910 4048 quiri

529 4075 666 4144 eundem
677 4077 711 4142 in
726 4075 854 4142 modum
867 4077 1056 4160 patric-ica,
1069 4077 1264 4140 natali-cias
1279 4097 1300 4140 a
1314 4071 1561 4158 simplicioribus
1577 4071 1768 4156 quibusdam
1786 4071 1909 4137 Graeco

532 4183 696 4273 πατριιιύς
717 4185 883 4258 similibus,
905 4196 1050 4251 conca-e
1073 4185 1114 4249 ab
1136 4197 1252 4250 edna-e
1274 4183 1435 4250 deflexum
1458 4186 1509 4250 sit.
1547 4184 1631 4248 Nam
1653 4205 1668 4248 ι
1689 4188 1763 4248 ante
1784 4181 1909 4246 vocales

529 4295 686 4378 positum,
716 4302 749 4362 et
770 4301 782 4362 ι’
803 4297 833 4361 in
857 4301 995 4379 utraque
1016 4295 1127 4377 lingua
1148 4295 1335 4378 saepissime
1357 4295 1500 4378 ejusdem
1521 4295 1653 4378 originis
1675 4298 1760 4358 sunt.
1787 4293 1910 4358 Eodem

528 4405 640 4488 igitur*
654 4407 749 4472 modo
771 4405 851 4472 haec
872 4426 956 4471 nova
982 4405 1136 4470 derivatio
1158 4426 1232 4470 cum
1253 4425 1291 4469 ea
1312 4405 1535 4472 terminatione
1558 4424 1641 4487 quas
1663 4403 1725 4468 fuit
1752 4405 1784 4468 lc
1806 4403 1856 4468 vol
1878 4403 1908 4467 lo

530 4515 564 4580 in
586 4537 703 4584 novam
718 4517 881 4598 quandam
895 4514 1034 4582 formam
1053 4517 1105 4580 l-ic
1118 4515 1168 4582 vel
1190 4517 1256 4600 lja,
1278 4537 1318 4579 cx
1339 4537 1404 4598 qua
1425 4518 1474 4594 lto,
1498 4517 1545 4580 leo
1568 4515 1762 4592 factumest,
1785 4513 1910 4578 coalue-

527 4633 611 4691 runt.
673 4627 785 4710 Itaque
827 4619 1061 4711 οφονδύ-λιο-ς
1101 4625 1152 4709 (Il.
1196 4628 1224 4690 Y
1256 4625 1333 4711 483)
1375 4648 1438 4691 non
1474 4624 1576 4708 magis
1608 4623 1770 4688 diversum
1804 4627 1854 4687 est
1889 4642 1909 4686 a

479 4817 486 4830 .
529 4734 741 4828 σφόνδυλος,
757 4759 854 4820 quam
869 4748 987 4802 cenea-a
1001 4737 1042 4802 ab
1057 4747 1157 4802 οέιιιιι.
1177 4730 1318 4815 αἱμύλος
1331 4741 1365 4802 et
1379 4732 1543 4818 αλμύλιος,
1560 4733 1678 4822 ἕκηλος
1696 4739 1728 4800 et
1742 4727 1908 4818 ἀεκήλιος,
