<?xml version="1.0" encoding="UTF-8"?>
<!DOCTYPE html PUBLIC "-//W3C//DTD XHTML 1.0 Transitional//EN"
    "http://www.w3.org/TR/xhtml1/DTD/xhtml1-transitional.dtd">
<html xmlns="http://www.w3.org/1999/xhtml" xml:lang="en" lang="en">
 <head>
  <title>
</title>
<meta http-equiv="Content-Type" content="text/html;charset=utf-8" />
  <meta name='ocr-system' content='tesseract 3.04.00' />
  <meta name='ocr-capabilities' content='ocr_page ocr_carea ocr_par ocr_line ocrx_word'/>
</head>
<body>
  <div class='ocr_page' id='page_1' title='image "./denominumgraeco00curtgoog_0037.png"; bbox 0 0 4532 5882; ppageno 0'>
   <div class='ocr_carea' id='block_1_1' title="bbox 1164 519 1221 608">
    <p class='ocr_par' dir='ltr' id='par_1_1' title="bbox 1164 519 1221 608">
     <span class='ocr_line' id='line_1_1' title="bbox 1164 519 1221 608; baseline -0.035 0"><span class='ocrx_word' id='word_1_1' title='bbox 1164 519 1221 608; x_wconf 83' lang='lat'><strong>20</strong></span> 
     </span>
    </p>
   </div>
   <div class='ocr_carea' id='block_1_2' title="bbox 384 711 2010 2456">
    <p class='ocr_par' dir='ltr' id='par_1_2' title="bbox 384 711 2010 2456">
     <span class='ocr_line' id='line_1_2' title="bbox 401 711 1987 838; baseline 0.001 -28"><span class='ocrx_word' id='word_1_2' title='bbox 401 726 586 838; x_wconf 76' lang='grc' dir='ltr'><strong><em>γνοθμὸς).</em></strong></span> <span class='ocrx_word' id='word_1_3' title='bbox 627 734 838 814; x_wconf 82' lang='lat' dir='ltr'><strong>Praetereo.</strong></span> <span class='ocrx_word' id='word_1_4' title='bbox 851 732 921 808; x_wconf 90' lang='lat' dir='ltr'><strong>alia</strong></span> <span class='ocrx_word' id='word_1_5' title='bbox 947 711 1075 806; x_wconf 85' lang='lat' dir='ltr'><strong>niinus</strong></span> <span class='ocrx_word' id='word_1_6' title='bbox 1092 737 1217 834; x_wconf 80' lang='lat' dir='ltr'><strong>aperta</strong></span> <span class='ocrx_word' id='word_1_7' title='bbox 1245 725 1371 830; x_wconf 81' lang='grc' dir='ltr'><strong><em>(λίθος,</em></strong></span> <span class='ocrx_word' id='word_1_8' title='bbox 1396 721 1527 824; x_wconf 71' lang='grc' dir='ltr'><strong><em>ἔχθος,</em></strong></span> <span class='ocrx_word' id='word_1_9' title='bbox 1553 725 1695 810; x_wconf 76' lang='grc' dir='ltr'><strong><em>πλίνθος</em></strong></span> <span class='ocrx_word' id='word_1_10' title='bbox 1719 735 1828 834; x_wconf 88' lang='lat' dir='ltr'><strong>ete.);</strong></span> <span class='ocrx_word' id='word_1_11' title='bbox 1857 724 1987 824; x_wconf 80' lang='grc' dir='ltr'><strong><em>μοσθὸς</em></strong></span> 
     </span>
     <span class='ocr_line' id='line_1_3' title="bbox 403 849 1984 965; baseline -0.002 -29"><span class='ocrx_word' id='word_1_12' title='bbox 403 877 526 937; x_wconf 90' lang='lat' dir='ltr'><strong>autem</strong></span> <span class='ocrx_word' id='word_1_13' title='bbox 551 886 572 934; x_wconf 94' lang='lat' dir='ltr'><strong>a</strong></span> <span class='ocrx_word' id='word_1_14' title='bbox 597 858 675 936; x_wconf 87' lang='lat' dir='ltr'><strong>rad.</strong></span> <span class='ocrx_word' id='word_1_15' title='bbox 705 860 772 933; x_wconf 77' lang='lat' dir='ltr'><strong>md</strong></span> <span class='ocrx_word' id='word_1_16' title='bbox 790 857 971 933; x_wconf 89' lang='lat' dir='ltr'><strong>Sanscrita</strong></span> <span class='ocrx_word' id='word_1_17' title='bbox 996 854 1240 960; x_wconf 89' lang='lat' dir='ltr'><strong>repetendum</strong></span> <span class='ocrx_word' id='word_1_18' title='bbox 1265 881 1342 931; x_wconf 86' lang='lat' dir='ltr'><strong>esse</strong></span> <span class='ocrx_word' id='word_1_19' title='bbox 1368 852 1526 948; x_wconf 76' lang='lat' dir='ltr'><strong>ridetur,</strong></span> <span class='ocrx_word' id='word_1_20' title='bbox 1558 882 1651 959; x_wconf 89' lang='lat' dir='ltr'><strong>quae</strong></span> <span class='ocrx_word' id='word_1_21' title='bbox 1670 851 1708 932; x_wconf 80' lang='lat' dir='ltr'><strong>in</strong></span> <span class='ocrx_word' id='word_1_22' title='bbox 1726 849 1875 965; x_wconf 69' lang='grc' dir='ltr'><strong>με’-τρον</strong></span> <span class='ocrx_word' id='word_1_23' title='bbox 1894 884 1984 933; x_wconf 89' lang='lat' dir='ltr'><strong>eon-</strong></span> 
     </span>
     <span class='ocr_line' id='line_1_4' title="bbox 403 967 1986 1090; baseline -0.003 -29"><span class='ocrx_word' id='word_1_24' title='bbox 403 990 568 1090; x_wconf 90' lang='lat' dir='ltr'><strong>spicitur.</strong></span> <span class='ocrx_word' id='word_1_25' title='bbox 623 984 724 1058; x_wconf 86' lang='lat' dir='ltr'><strong>Haec</strong></span> <span class='ocrx_word' id='word_1_26' title='bbox 744 967 827 1056; x_wconf 86' lang='lat' dir='ltr'><strong>¹iam</strong></span> <span class='ocrx_word' id='word_1_27' title='bbox 857 985 897 1056; x_wconf 93' lang='lat' dir='ltr'><strong>in</strong></span> <span class='ocrx_word' id='word_1_28' title='bbox 924 979 1110 1057; x_wconf 86' lang='lat' dir='ltr'><strong>Senserito</strong></span> <span class='ocrx_word' id='word_1_29' title='bbox 1135 983 1333 1084; x_wconf 84' lang='lat' dir='ltr'><strong>participio</strong></span> <span class='ocrx_word' id='word_1_30' title='bbox 1359 989 1463 1056; x_wconf 62' lang='lat' dir='ltr'><strong>mita</strong></span> <span class='ocrx_word' id='word_1_31' title='bbox 1484 981 1687 1074; x_wconf 80' lang='lat' dir='ltr'><strong>dvooalem</strong></span> <span class='ocrx_word' id='word_1_32' title='bbox 1713 983 1753 1054; x_wconf 91' lang='lat' dir='ltr'><strong>in</strong></span> <span class='ocrx_word' id='word_1_33' title='bbox 1777 977 1986 1056; x_wconf 86' lang='lat' dir='ltr'><strong>tenuiorem</strong></span> 
     </span>
     <span class='ocr_line' id='line_1_5' title="bbox 402 1097 1987 1208; baseline -0.003 -23"><span class='ocrx_word' id='word_1_34' title='bbox 402 1105 598 1185; x_wconf 80' lang='lat' dir='ltr'><strong>imuta&#39;vit.</strong></span> <span class='ocrx_word' id='word_1_35' title='bbox 642 1107 688 1181; x_wconf 92' lang='lat' dir='ltr'><strong>In</strong></span> <span class='ocrx_word' id='word_1_36' title='bbox 714 1097 860 1196; x_wconf 71' lang='grc' dir='ltr'><strong><em>μισθός</em></strong></span> <span class='ocrx_word' id='word_1_37' title='bbox 883 1105 1068 1182; x_wconf 82' lang='lat' dir='ltr'><strong>vocabulo</strong></span> <span class='ocrx_word' id='word_1_38' title='bbox 1095 1122 1216 1180; x_wconf 83' lang='lat' dir='ltr'><strong>autem</strong></span> <span class='ocrx_word' id='word_1_39' title='bbox 1234 1104 1337 1206; x_wconf 62' lang='lat' dir='ltr'><strong>‚hanc</strong></span> <span class='ocrx_word' id='word_1_40' title='bbox 1351 1102 1408 1178; x_wconf 83' lang='grc' dir='ltr'><strong>σθ</strong></span> <span class='ocrx_word' id='word_1_41' title='bbox 1432 1097 1571 1184; x_wconf 79' lang='lat' dir='ltr'><strong>litteras</strong></span> <span class='ocrx_word' id='word_1_42' title='bbox 1596 1108 1638 1178; x_wconf 89' lang='lat' dir='ltr'><strong>in</strong></span> <span class='ocrx_word' id='word_1_43' title='bbox 1658 1130 1697 1180; x_wconf 86' lang='lat' dir='ltr'><strong>se</strong></span> <span class='ocrx_word' id='word_1_44' title='bbox 1713 1108 1909 1208; x_wconf 80' lang='lat' dir='ltr'>recepisse,</span> <span class='ocrx_word' id='word_1_45' title='bbox 1937 1108 1987 1180; x_wconf 86' lang='lat' dir='ltr'><strong>si·</strong></span> 
     </span>
     <span class='ocr_line' id='line_1_6' title="bbox 384 1220 1986 1334; baseline -0.003 -25"><span class='ocrx_word' id='word_1_46' title='bbox 384 1221 469 1330; x_wconf 51' lang='lat' dir='ltr'><strong>,cm</strong></span> <span class='ocrx_word' id='word_1_47' title='bbox 483 1231 570 1307; x_wconf 73' lang='lat' dir='ltr'><strong>rad.</strong></span> <span class='ocrx_word' id='word_1_48' title='bbox 600 1234 674 1304; x_wconf 79' lang='lat' dir='ltr'><strong>iin</strong></span> <span class='ocrx_word' id='word_1_49' title='bbox 700 1221 883 1320; x_wconf 75' lang='grc' dir='ltr'><strong><em>ἰ-οθ-μές</em></strong></span> <span class='ocrx_word' id='word_1_50' title='bbox 909 1229 975 1328; x_wconf 83' lang='lat' dir='ltr'><strong>(cf.</strong></span> <span class='ocrx_word' id='word_1_51' title='bbox 1004 1220 1216 1330; x_wconf 72' lang='grc' dir='ltr'><strong><em>ἱμά-οθ-λη)</em></strong></span> <span class='ocrx_word' id='word_1_52' title='bbox 1243 1229 1439 1334; x_wconf 82' lang='lat' dir='ltr'><strong>probabile</strong></span> <span class='ocrx_word' id='word_1_53' title='bbox 1467 1245 1534 1304; x_wconf 85' lang='lat' dir='ltr'><strong>est.</strong></span> <span class='ocrx_word' id='word_1_54' title='bbox 1587 1226 1739 1331; x_wconf 90' lang='lat' dir='ltr'><strong>Optime</strong></span> <span class='ocrx_word' id='word_1_55' title='bbox 1766 1233 1864 1309; x_wconf 88' lang='lat' dir='ltr'><strong>enim</strong></span> <span class='ocrx_word' id='word_1_56' title='bbox 1897 1255 1986 1332; x_wconf 89' lang='lat' dir='ltr'><strong>qua-</strong></span> 
     </span>
     <span class='ocr_line' id='line_1_7' title="bbox 406 1343 1988 1458; baseline -0.003 -26"><span class='ocrx_word' id='word_1_57' title='bbox 406 1355 487 1432; x_wconf 85' lang='lat' dir='ltr'><strong>drat</strong></span> <span class='ocrx_word' id='word_1_58' title='bbox 511 1354 747 1458; x_wconf 77' lang='lat' dir='ltr'><strong>significatio:</strong></span> <span class='ocrx_word' id='word_1_59' title='bbox 777 1343 970 1446; x_wconf 75' lang='grc' dir='ltr'><strong><em>ὁμισθὸ-ς,</em></strong></span> <span class='ocrx_word' id='word_1_60' title='bbox 999 1379 1152 1446; x_wconf 89' lang='lat' dir='ltr'><strong>meroes,</strong></span> <span class='ocrx_word' id='word_1_61' title='bbox 1183 1369 1237 1428; x_wconf 90' lang='lat' dir='ltr'><strong>est</strong></span> <span class='ocrx_word' id='word_1_62' title='bbox 1254 1352 1306 1446; x_wconf 88' lang='lat' dir='ltr'><strong>id,</strong></span> <span class='ocrx_word' id='word_1_63' title='bbox 1337 1351 1439 1456; x_wconf 90' lang='lat' dir='ltr'><strong>quod</strong></span> <span class='ocrx_word' id='word_1_64' title='bbox 1457 1357 1591 1456; x_wconf 86' lang='lat' dir='ltr'><strong>cuique</strong></span> <span class='ocrx_word' id='word_1_65' title='bbox 1610 1350 1797 1428; x_wconf 89' lang='lat' dir='ltr'><strong>metiendo</strong></span> <span class='ocrx_word' id='word_1_66' title='bbox 1815 1355 1988 1430; x_wconf 82' lang='lat' dir='ltr'><strong>tribuitur</strong></span> 
     </span>
     <span class='ocr_line' id='line_1_8' title="bbox 406 1466 1989 1582; baseline -0.001 -25"><span class='ocrx_word' id='word_1_67' title='bbox 406 1481 497 1580; x_wconf 75' lang='lat' dir='ltr'><strong>(tras</strong></span> <span class='ocrx_word' id='word_1_68' title='bbox 513 1478 637 1582; x_wconf 79' lang='lat' dir='ltr'><strong>jedem</strong></span> <span class='ocrx_word' id='word_1_69' title='bbox 662 1479 895 1581; x_wconf 78' lang='lat' dir='ltr'><strong>zugemessm</strong></span> <span class='ocrx_word' id='word_1_70' title='bbox 921 1476 1037 1578; x_wconf 61' lang='lat' dir='ltr'><strong>suiad).</strong></span> <span class='ocrx_word' id='word_1_71' title='bbox 1088 1467 1265 1569; x_wconf 70' lang='grc' dir='ltr'><strong><em>ψάμοθος</em></strong></span> <span class='ocrx_word' id='word_1_72' title='bbox 1296 1477 1361 1575; x_wconf 80' lang='lat' dir='ltr'><strong>(cf.</strong></span> <span class='ocrx_word' id='word_1_73' title='bbox 1390 1469 1570 1578; x_wconf 74' lang='grc' dir='ltr'><strong>ψάμμος),</strong></span> <span class='ocrx_word' id='word_1_74' title='bbox 1596 1466 1735 1568; x_wconf 72' lang='grc' dir='ltr'><strong><em>ἄμαθος</em></strong></span> <span class='ocrx_word' id='word_1_75' title='bbox 1759 1477 1823 1570; x_wconf 88' lang='lat' dir='ltr'><strong>(cf.</strong></span> <span class='ocrx_word' id='word_1_76' title='bbox 1852 1469 1989 1575; x_wconf 70' lang='grc' dir='ltr'><strong><em>ἅμμος)</em></strong></span> 
     </span>
     <span class='ocr_line' id='line_1_9' title="bbox 405 1591 1990 1706; baseline -0.003 -26"><span class='ocrx_word' id='word_1_77' title='bbox 405 1597 538 1680; x_wconf 73' lang='grc' dir='ltr'><strong><em>κύσθος</em></strong></span> <span class='ocrx_word' id='word_1_78' title='bbox 563 1602 733 1702; x_wconf 82' lang='lat' dir='ltr'><strong>(fortasse</strong></span> <span class='ocrx_word' id='word_1_79' title='bbox 757 1627 778 1675; x_wconf 94' lang='lat' dir='ltr'><strong>a</strong></span> <span class='ocrx_word' id='word_1_80' title='bbox 803 1599 925 1676; x_wconf 85' lang='lat' dir='ltr'><strong>radice</strong></span> <span class='ocrx_word' id='word_1_81' title='bbox 953 1594 1112 1702; x_wconf 74' lang='lat' dir='ltr'><strong>stu-noio)</strong></span> <span class='ocrx_word' id='word_1_82' title='bbox 1144 1617 1187 1676; x_wconf 93' lang='lat' dir='ltr'><strong>ut</strong></span> <span class='ocrx_word' id='word_1_83' title='bbox 1218 1592 1391 1692; x_wconf 76' lang='grc' dir='ltr'><strong>ἠμύνσθον</strong></span> <span class='ocrx_word' id='word_1_84' title='bbox 1422 1599 1478 1674; x_wconf 81' lang='grc' dir='ltr'><strong>ιοθ</strong></span> <span class='ocrx_word' id='word_1_85' title='bbox 1500 1591 1679 1705; x_wconf 84' lang='lat' dir='ltr'><strong>syllabam</strong></span> <span class='ocrx_word' id='word_1_86' title='bbox 1702 1603 1748 1674; x_wconf 87' lang='lat' dir='ltr'><strong>in</strong></span> <span class='ocrx_word' id='word_1_87' title='bbox 1775 1627 1814 1676; x_wconf 89' lang='lat' dir='ltr'><strong>se</strong></span> <span class='ocrx_word' id='word_1_88' title='bbox 1838 1627 1990 1706; x_wconf 89' lang='lat' dir='ltr'><strong>recepe·</strong></span> 
     </span>
     <span class='ocr_line' id='line_1_10' title="bbox 404 1717 2010 1834; baseline -0.002 -30"><span class='ocrx_word' id='word_1_89' title='bbox 404 1743 511 1820; x_wconf 86' lang='lat' dir='ltr'><strong>runt,</strong></span> <span class='ocrx_word' id='word_1_90' title='bbox 545 1717 650 1834; x_wconf 72' lang='grc' dir='ltr'><strong><em>κριθή</em></strong></span> <span class='ocrx_word' id='word_1_91' title='bbox 680 1723 810 1801; x_wconf 87' lang='lat' dir='ltr'><strong>eadem</strong></span> <span class='ocrx_word' id='word_1_92' title='bbox 839 1725 959 1800; x_wconf 89' lang='lat' dir='ltr'><strong>littera</strong></span> <span class='ocrx_word' id='word_1_93' title='bbox 984 1741 1089 1800; x_wconf 84' lang='lat' dir='ltr'><strong>aucta</strong></span> <span class='ocrx_word' id='word_1_94' title='bbox 1117 1741 1171 1800; x_wconf 81' lang='lat' dir='ltr'><strong>est</strong></span> <span class='ocrx_word' id='word_1_95' title='bbox 1198 1725 1263 1824; x_wconf 80' lang='lat' dir='ltr'><strong>(of.</strong></span> <span class='ocrx_word' id='word_1_96' title='bbox 1292 1726 1532 1802; x_wconf 80' lang='lat' dir='ltr'><strong>Homericum</strong></span> <span class='ocrx_word' id='word_1_97' title='bbox 1559 1731 1645 1834; x_wconf 76' lang='lat' dir='ltr'><strong>xpi).</strong></span> <span class='ocrx_word' id='word_1_98' title='bbox 1680 1729 1726 1784; x_wconf 86' lang='grc'><strong>-’</strong></span> <span class='ocrx_word' id='word_1_99' title='bbox 1752 1725 1851 1798; x_wconf 91' lang='lat' dir='ltr'><strong>Tum</strong></span> <span class='ocrx_word' id='word_1_100' title='bbox 1878 1751 2010 1828; x_wconf 75' lang='lat' dir='ltr'><strong>qaue-¹</strong></span> 
     </span>
     <span class='ocr_line' id='line_1_11' title="bbox 406 1841 1993 1948; baseline -0.001 -22"><span class='ocrx_word' id='word_1_101' title='bbox 406 1850 490 1926; x_wconf 87' lang='lat' dir='ltr'><strong>dam</strong></span> <span class='ocrx_word' id='word_1_102' title='bbox 509 1866 639 1926; x_wconf 86' lang='lat' dir='ltr'><strong>neutra</strong></span> <span class='ocrx_word' id='word_1_103' title='bbox 655 1852 695 1924; x_wconf 89' lang='lat' dir='ltr'><strong>in</strong></span> <span class='ocrx_word' id='word_1_104' title='bbox 713 1877 746 1927; x_wconf 89' lang='grc' dir='ltr'><strong>ος</strong></span> <span class='ocrx_word' id='word_1_105' title='bbox 770 1853 962 1926; x_wconf 87' lang='lat' dir='ltr'><strong>terminata</strong></span> <span class='ocrx_word' id='word_1_106' title='bbox 974 1847 1008 1922; x_wconf 87' lang='grc' dir='ltr'><strong><em>θ</em></strong></span> <span class='ocrx_word' id='word_1_107' title='bbox 1020 1849 1171 1940; x_wconf 84' lang='lat' dir='ltr'><strong>habent,</strong></span> <span class='ocrx_word' id='word_1_108' title='bbox 1199 1849 1302 1926; x_wconf 78' lang='lat' dir='ltr'><strong>velut</strong></span> <span class='ocrx_word' id='word_1_109' title='bbox 1314 1842 1423 1928; x_wconf 79' lang='grc' dir='ltr'><strong><em>ἔσθος</em></strong></span> <span class='ocrx_word' id='word_1_110' title='bbox 1436 1849 1501 1948; x_wconf 87' lang='lat' dir='ltr'><strong>(cf.</strong></span> <span class='ocrx_word' id='word_1_111' title='bbox 1522 1841 1646 1945; x_wconf 69' lang='grc' dir='ltr'><strong><em>ἐσθής)</em></strong></span> <span class='ocrx_word' id='word_1_112' title='bbox 1667 1845 1785 1924; x_wconf 82' lang='lat' dir='ltr'><strong>arad.</strong></span> <span class='ocrx_word' id='word_1_113' title='bbox 1804 1851 1836 1926; x_wconf 76' lang='lat' dir='ltr'><strong>ir</strong></span> <span class='ocrx_word' id='word_1_114' title='bbox 1855 1875 1921 1924; x_wconf 89' lang='lat' dir='ltr'><strong>seu</strong></span> <span class='ocrx_word' id='word_1_115' title='bbox 1938 1877 1993 1928; x_wconf 80' lang='lat' dir='ltr'><strong>ree</strong></span> 
     </span>
     <span class='ocr_line' id='line_1_12' title="bbox 406 1964 1991 2076; baseline -0.001 -25"><span class='ocrx_word' id='word_1_116' title='bbox 406 1978 556 2074; x_wconf 69' lang='lat' dir='ltr'><strong>(vestu,</strong></span> <span class='ocrx_word' id='word_1_117' title='bbox 580 1974 622 2050; x_wconf 87' lang='lat' dir='ltr'><strong>S.</strong></span> <span class='ocrx_word' id='word_1_118' title='bbox 650 1979 756 2074; x_wconf 84' lang='lat' dir='ltr'><strong>vas),</strong></span> <span class='ocrx_word' id='word_1_119' title='bbox 784 1964 916 2067; x_wconf 66' lang='grc' dir='ltr'><strong><em>ὄχθος,</em></strong></span> <span class='ocrx_word' id='word_1_120' title='bbox 944 2000 1107 2076; x_wconf 86' lang='lat' dir='ltr'><strong>quocum</strong></span> <span class='ocrx_word' id='word_1_121' title='bbox 1132 1965 1220 2067; x_wconf 74' lang='grc' dir='ltr'><strong><em>ἄχος</em></strong></span> <span class='ocrx_word' id='word_1_122' title='bbox 1245 1971 1500 2076; x_wconf 80' lang='lat' dir='ltr'><strong>comparetur,</strong></span> <span class='ocrx_word' id='word_1_123' title='bbox 1531 1971 1668 2061; x_wconf 73' lang='grc' dir='ltr'><strong><em>στῆθος</em></strong></span> <span class='ocrx_word' id='word_1_124' title='bbox 1701 1971 1803 2076; x_wconf 91' lang='lat' dir='ltr'><strong>quod</strong></span> <span class='ocrx_word' id='word_1_125' title='bbox 1835 1973 1991 2050; x_wconf 88' lang='lat' dir='ltr'><strong>fortasse</strong></span> 
     </span>
     <span class='ocr_line' id='line_1_13' title="bbox 405 2093 1992 2202; baseline -0.001 -28"><span class='ocrx_word' id='word_1_126' title='bbox 405 2123 427 2174; x_wconf 89' lang='lat' dir='ltr'><strong>a</strong></span> <span class='ocrx_word' id='word_1_127' title='bbox 451 2096 532 2174; x_wconf 87' lang='lat' dir='ltr'><strong>rad.</strong></span> <span class='ocrx_word' id='word_1_128' title='bbox 561 2125 631 2172; x_wconf 82' lang='grc' dir='ltr'><strong>στα</strong></span> <span class='ocrx_word' id='word_1_129' title='bbox 655 2093 800 2199; x_wconf 69' lang='lat' dir='ltr'><strong>(irritus)</strong></span> <span class='ocrx_word' id='word_1_130' title='bbox 827 2095 1035 2191; x_wconf 87' lang='lat' dir='ltr'><strong>deseendit,</strong></span> <span class='ocrx_word' id='word_1_131' title='bbox 1065 2102 1114 2172; x_wconf 92' lang='lat' dir='ltr'><strong>ita</strong></span> <span class='ocrx_word' id='word_1_132' title='bbox 1140 2113 1182 2172; x_wconf 90' lang='lat' dir='ltr'><strong>ut</strong></span> <span class='ocrx_word' id='word_1_133' title='bbox 1207 2097 1399 2201; x_wconf 77' lang='lat' dir='ltr'><strong>pectus&#39;⁸⁹)</strong></span> <span class='ocrx_word' id='word_1_134' title='bbox 1426 2114 1616 2201; x_wconf 80' lang='lat' dir='ltr'><strong>tamquam</strong></span> <span class='ocrx_word' id='word_1_135' title='bbox 1639 2096 1787 2172; x_wconf 81' lang='lat' dir='ltr'><strong>firmum</strong></span> <span class='ocrx_word' id='word_1_136' title='bbox 1815 2095 1992 2202; x_wconf 83' lang='lat' dir='ltr'><strong>quiddam</strong></span> 
     </span>
     <span class='ocr_line' id='line_1_14' title="bbox 406 2219 1993 2326; baseline 0.002 -29"><span class='ocrx_word' id='word_1_137' title='bbox 406 2221 633 2326; x_wconf 81' lang='lat' dir='ltr'><strong>designatum</strong></span> <span class='ocrx_word' id='word_1_138' title='bbox 657 2226 717 2298; x_wconf 88' lang='lat' dir='ltr'><strong>sit.</strong></span> <span class='ocrx_word' id='word_1_139' title='bbox 751 2267 793 2286; x_wconf 88' lang='lat'><em>-</em></span> <span class='ocrx_word' id='word_1_140' title='bbox 822 2223 926 2298; x_wconf 89' lang='lat' dir='ltr'><strong>Mere</strong></span> <span class='ocrx_word' id='word_1_141' title='bbox 953 2222 1161 2326; x_wconf 85' lang='lat' dir='ltr'><strong>euphoniea</strong></span> <span class='ocrx_word' id='word_1_142' title='bbox 1187 2237 1317 2298; x_wconf 86' lang='lat' dir='ltr'><strong>contra</strong></span> <span class='ocrx_word' id='word_1_143' title='bbox 1341 2219 1455 2296; x_wconf 68' lang='lat' dir='ltr'><strong>est&amp;</strong></span> <span class='ocrx_word' id='word_1_144' title='bbox 1478 2221 1601 2296; x_wconf 85' lang='lat' dir='ltr'><strong>littera</strong></span> <span class='ocrx_word' id='word_1_145' title='bbox 1623 2238 1710 2298; x_wconf 87' lang='lat' dir='ltr'><strong>ante</strong></span> <span class='ocrx_word' id='word_1_146' title='bbox 1735 2249 1832 2318; x_wconf 76' lang='grc' dir='ltr'><strong><em>μισ-ς,</em></strong></span> <span class='ocrx_word' id='word_1_147' title='bbox 1861 2249 1917 2315; x_wconf 83' lang='grc' dir='ltr'><strong>μη,</strong></span> <span class='ocrx_word' id='word_1_148' title='bbox 1943 2248 1993 2314; x_wconf 78' lang='grc' dir='ltr'><strong>μα</strong></span> 
     </span>
     <span class='ocr_line' id='line_1_15' title="bbox 406 2335 1717 2456; baseline -0.002 -32"><span class='ocrx_word' id='word_1_149' title='bbox 406 2346 537 2424; x_wconf 79' lang='lat' dir='ltr'><strong>suffixa</strong></span> <span class='ocrx_word' id='word_1_150' title='bbox 550 2338 779 2456; x_wconf 49' lang='grc' dir='ltr'><strong>(ὀρχηθμᾶοο,ι</strong></span> <span class='ocrx_word' id='word_1_151' title='bbox 792 2339 892 2439; x_wconf 78' lang='grc' dir='ltr'><strong><em>ἴθμη,</em></strong></span> <span class='ocrx_word' id='word_1_152' title='bbox 918 2337 1079 2445; x_wconf 74' lang='grc' dir='ltr'><strong><em>ἇοθμο),</em></strong></span> <span class='ocrx_word' id='word_1_153' title='bbox 1109 2371 1203 2448; x_wconf 89' lang='lat' dir='ltr'><strong>quae</strong></span> <span class='ocrx_word' id='word_1_154' title='bbox 1228 2345 1302 2422; x_wconf 88' lang='lat' dir='ltr'><strong>huc</strong></span> <span class='ocrx_word' id='word_1_155' title='bbox 1328 2371 1406 2422; x_wconf 91' lang='lat' dir='ltr'><strong>non</strong></span> <span class='ocrx_word' id='word_1_156' title='bbox 1431 2335 1632 2450; x_wconf 78' lang='lat' dir='ltr'><strong>pertinent.¹</strong></span> <span class='ocrx_word' id='word_1_157' title='bbox 1714 2400 1717 2409; x_wconf 88' lang='lat'>-</span> 
     </span>
    </p>
   </div>
   <div class='ocr_carea' id='block_1_3' title="bbox 411 2625 1941 2769">
    <p class='ocr_par' dir='ltr' id='par_1_3' title="bbox 411 2625 1941 2769">
     <span class='ocr_line' id='line_1_16' title="bbox 411 2625 1941 2769; baseline -0.001 -53"><span class='ocrx_word' id='word_1_158' title='bbox 411 2643 417 2650; x_wconf 84' lang='grc'><em>·</em></span> <span class='ocrx_word' id='word_1_159' title='bbox 521 2655 578 2716; x_wconf 86' lang='lat' dir='ltr'><strong>on</strong></span> <span class='ocrx_word' id='word_1_160' title='bbox 598 2625 816 2730; x_wconf 66' lang='lat' dir='ltr'><strong>vocatum</strong></span> <span class='ocrx_word' id='word_1_161' title='bbox 835 2655 880 2716; x_wconf 84' lang='lat' dir='ltr'><strong>m</strong></span> <span class='ocrx_word' id='word_1_162' title='bbox 900 2651 1127 2717; x_wconf 73' lang='lat' dir='ltr'><strong>romanus</strong></span> <span class='ocrx_word' id='word_1_163' title='bbox 1148 2649 1210 2714; x_wconf 87' lang='lat' dir='ltr'><strong>nx·</strong></span> <span class='ocrx_word' id='word_1_164' title='bbox 1219 2651 1375 2769; x_wconf 70' lang='lat' dir='ltr'><strong>amon</strong></span> <span class='ocrx_word' id='word_1_165' title='bbox 1396 2651 1604 2726; x_wconf 77' lang='lat' dir='ltr'><strong>romnus</strong></span> <span class='ocrx_word' id='word_1_166' title='bbox 1625 2650 1882 2716; x_wconf 79' lang='lat' dir='ltr'><strong>uurauoun</strong></span> <span class='ocrx_word' id='word_1_167' title='bbox 1923 2631 1941 2762; x_wconf 28' lang='lat'><strong>¹.</strong></span> 
     </span>
    </p>
   </div>
   <div class='ocr_carea' id='block_1_4' title="bbox 345 2833 1994 4681">
    <p class='ocr_par' dir='ltr' id='par_1_4' title="bbox 345 2833 1994 4681">
     <span class='ocr_line' id='line_1_17' title="bbox 557 2833 1993 2941; baseline 0.001 -30"><span class='ocrx_word' id='word_1_168' title='bbox 557 2835 781 2912; x_wconf 84' lang='lat' dir='ltr'><strong>Gravissima</strong></span> <span class='ocrx_word' id='word_1_169' title='bbox 812 2851 928 2941; x_wconf 80' lang='lat' dir='ltr'><strong>porro</strong></span> <span class='ocrx_word' id='word_1_170' title='bbox 959 2841 997 2912; x_wconf 90' lang='lat' dir='ltr'><strong>in</strong></span> <span class='ocrx_word' id='word_1_171' title='bbox 1028 2834 1226 2912; x_wconf 76' lang='lat' dir='ltr'><strong>tractandis</strong></span> <span class='ocrx_word' id='word_1_172' title='bbox 1248 2839 1467 2912; x_wconf 84' lang='lat' dir='ltr'><strong>nominibus</strong></span> <span class='ocrx_word' id='word_1_173' title='bbox 1495 2835 1645 2912; x_wconf 88' lang='lat' dir='ltr'><strong>Graecis</strong></span> <span class='ocrx_word' id='word_1_174' title='bbox 1671 2853 1727 2913; x_wconf 85' lang='lat' dir='ltr'><strong>eat</strong></span> <span class='ocrx_word' id='word_1_175' title='bbox 1753 2839 1919 2940; x_wconf 79' lang='lat' dir='ltr'><strong>quaestio</strong></span> <span class='ocrx_word' id='word_1_176' title='bbox 1946 2833 1993 2913; x_wconf 89' lang='lat' dir='ltr'><strong>de</strong></span> 
     </span>
     <span class='ocr_line' id='line_1_18' title="bbox 407 2942 1994 3065; baseline 0.002 -31"><span class='ocrx_word' id='word_1_177' title='bbox 407 2962 610 3035; x_wconf 86' lang='lat' dir='ltr'><strong>mutatione</strong></span> <span class='ocrx_word' id='word_1_178' title='bbox 627 2942 771 3035; x_wconf 89' lang='lat' dir='ltr'><strong>radicis.</strong></span> <span class='ocrx_word' id='word_1_179' title='bbox 817 2961 862 3035; x_wconf 91' lang='lat' dir='ltr'><strong>In</strong></span> <span class='ocrx_word' id='word_1_180' title='bbox 881 2987 953 3065; x_wconf 89' lang='lat' dir='ltr'><strong>qua</strong></span> <span class='ocrx_word' id='word_1_181' title='bbox 971 2961 1127 3034; x_wconf 83' lang='lat' dir='ltr'><strong>formam</strong></span> <span class='ocrx_word' id='word_1_182' title='bbox 1146 2986 1238 3054; x_wconf 88' lang='lat' dir='ltr'><strong>eam,</strong></span> <span class='ocrx_word' id='word_1_183' title='bbox 1270 2966 1421 3064; x_wconf 85' lang='lat' dir='ltr'><strong>quaein</strong></span> <span class='ocrx_word' id='word_1_184' title='bbox 1437 2962 1553 3038; x_wconf 86' lang='lat' dir='ltr'><strong>verbo</strong></span> <span class='ocrx_word' id='word_1_185' title='bbox 1569 2955 1744 3055; x_wconf 54' lang='lat' dir='ltr'><strong>&#39;occurrit</strong></span> <span class='ocrx_word' id='word_1_186' title='bbox 1770 2963 1994 3065; x_wconf 79' lang='lat' dir='ltr'><strong>primitivam</strong></span> 
     </span>
     <span class='ocr_line' id='line_1_19' title="bbox 408 3081 1990 3187; baseline 0.001 -28"><span class='ocrx_word' id='word_1_187' title='bbox 408 3081 531 3160; x_wconf 82' lang='lat' dir='ltr'><strong>dicere</strong></span> <span class='ocrx_word' id='word_1_188' title='bbox 555 3083 729 3178; x_wconf 86' lang='lat' dir='ltr'><strong>solemus,</strong></span> <span class='ocrx_word' id='word_1_189' title='bbox 760 3101 818 3178; x_wconf 85' lang='lat' dir='ltr'><strong>et,</strong></span> <span class='ocrx_word' id='word_1_190' title='bbox 846 3087 877 3160; x_wconf 91' lang='lat' dir='ltr'><strong>si</strong></span> <span class='ocrx_word' id='word_1_191' title='bbox 903 3083 992 3187; x_wconf 86' lang='lat' dir='ltr'><strong>quid</strong></span> <span class='ocrx_word' id='word_1_192' title='bbox 1019 3088 1059 3158; x_wconf 93' lang='lat' dir='ltr'><strong>in</strong></span> <span class='ocrx_word' id='word_1_193' title='bbox 1083 3089 1236 3160; x_wconf 86' lang='lat' dir='ltr'><strong>nomine</strong></span> <span class='ocrx_word' id='word_1_194' title='bbox 1259 3085 1387 3186; x_wconf 80' lang='lat' dir='ltr'><strong>aliquo</strong></span> <span class='ocrx_word' id='word_1_195' title='bbox 1414 3087 1459 3158; x_wconf 85' lang='lat' dir='ltr'><strong>ab</strong></span> <span class='ocrx_word' id='word_1_196' title='bbox 1487 3085 1556 3158; x_wconf 86' lang='lat' dir='ltr'><strong>hae</strong></span> <span class='ocrx_word' id='word_1_197' title='bbox 1582 3083 1767 3162; x_wconf 75' lang='lat' dir='ltr'><strong>diversum</strong></span> <span class='ocrx_word' id='word_1_198' title='bbox 1792 3088 1990 3180; x_wconf 83' lang='lat' dir='ltr'><strong>invenitur,</strong></span> 
     </span>
     <span class='ocr_line' id='line_1_20' title="bbox 407 3203 1994 3313; baseline 0.002 -32"><span class='ocrx_word' id='word_1_199' title='bbox 407 3204 446 3282; x_wconf 91' lang='lat' dir='ltr'><strong>id</strong></span> <span class='ocrx_word' id='word_1_200' title='bbox 465 3205 523 3284; x_wconf 74' lang='lat' dir='ltr'><strong>‘ut</strong></span> <span class='ocrx_word' id='word_1_201' title='bbox 546 3210 750 3285; x_wconf 87' lang='lat' dir='ltr'><strong>mutatione</strong></span> <span class='ocrx_word' id='word_1_202' title='bbox 781 3203 918 3282; x_wconf 82' lang='lat' dir='ltr'><strong>iactum</strong></span> <span class='ocrx_word' id='word_1_203' title='bbox 944 3205 1187 3308; x_wconf 82' lang='lat' dir='ltr'><strong>designamus.</strong></span> <span class='ocrx_word' id='word_1_204' title='bbox 1241 3207 1433 3283; x_wconf 82' lang='lat' dir='ltr'><strong>Mutantur</strong></span> <span class='ocrx_word' id='word_1_205' title='bbox 1448 3208 1581 3282; x_wconf 76' lang='lat' dir='ltr'><strong>[autem</strong></span> <span class='ocrx_word' id='word_1_206' title='bbox 1605 3212 1804 3313; x_wconf 86' lang='lat' dir='ltr'><strong>praecipue</strong></span> <span class='ocrx_word' id='word_1_207' title='bbox 1829 3207 1994 3286; x_wconf 88' lang='lat' dir='ltr'><strong>radicum</strong></span> 
     </span>
     <span class='ocr_line' id='line_1_21' title="bbox 406 3327 1993 3434; baseline 0.001 -27"><span class='ocrx_word' id='word_1_208' title='bbox 406 3330 567 3408; x_wconf 76' lang='lat' dir='ltr'><strong>roralea&#39;.</strong></span> <span class='ocrx_word' id='word_1_209' title='bbox 623 3329 683 3404; x_wconf 87' lang='lat' dir='ltr'><strong>Ac</strong></span> <span class='ocrx_word' id='word_1_210' title='bbox 714 3332 879 3432; x_wconf 74' lang='lat' dir='ltr'><strong>‘primum</strong></span> <span class='ocrx_word' id='word_1_211' title='bbox 920 3327 1080 3430; x_wconf 80' lang='lat' dir='ltr'><strong>quidem</strong></span> <span class='ocrx_word' id='word_1_212' title='bbox 1095 3345 1230 3431; x_wconf 81' lang='lat' dir='ltr'><strong>aperte</strong></span> <span class='ocrx_word' id='word_1_213' title='bbox 1261 3331 1458 3432; x_wconf 79' lang='lat' dir='ltr'><strong>augentur,</strong></span> <span class='ocrx_word' id='word_1_214' title='bbox 1500 3347 1564 3405; x_wconf 83' lang='lat' dir='ltr'><strong>aut</strong></span> <span class='ocrx_word' id='word_1_215' title='bbox 1593 3327 1821 3434; x_wconf 79' lang='lat' dir='ltr'><strong>simpliciter</strong></span> <span class='ocrx_word' id='word_1_216' title='bbox 1837 3327 1993 3431; x_wconf 61' lang='lat' dir='ltr'><strong>(ir-rid,</strong></span> 
     </span>
     <span class='ocr_line' id='line_1_22' title="bbox 407 3443 1991 3560; baseline 0.003 -32"><span class='ocrx_word' id='word_1_217' title='bbox 407 3448 656 3540; x_wconf 47' lang='grc' dir='ltr'><strong>λοθ-λὲλνῐθω</strong></span> <span class='ocrx_word' id='word_1_218' title='bbox 671 3443 803 3552; x_wconf 66' lang='grc' dir='ltr'><strong>λήθη),</strong></span> <span class='ocrx_word' id='word_1_219' title='bbox 829 3467 893 3526; x_wconf 91' lang='lat' dir='ltr'><strong>aut</strong></span> <span class='ocrx_word' id='word_1_220' title='bbox 916 3455 987 3546; x_wconf 89' lang='lat' dir='ltr'><strong>ita,</strong></span> <span class='ocrx_word' id='word_1_221' title='bbox 1022 3467 1065 3525; x_wconf 89' lang='lat' dir='ltr'><strong>ut</strong></span> <span class='ocrx_word' id='word_1_222' title='bbox 1091 3449 1342 3555; x_wconf 80' lang='lat' dir='ltr'><strong>diphthongus</strong></span> <span class='ocrx_word' id='word_1_223' title='bbox 1360 3449 1728 3554; x_wconf 60' lang='lat' dir='ltr'><strong>&#39;efficiatur&#39;qta&#39;tae</strong></span> <span class='ocrx_word' id='word_1_224' title='bbox 1744 3459 1991 3560; x_wconf 68' lang='grc' dir='ltr'><strong>,ςνχ-ςεῧχος).</strong></span> 
     </span>
     <span class='ocr_line' id='line_1_23' title="bbox 410 3573 1989 3685; baseline 0.006 -35"><span class='ocrx_word' id='word_1_225' title='bbox 410 3575 533 3672; x_wconf 82' lang='lat' dir='ltr'><strong>Quem</strong></span> <span class='ocrx_word' id='word_1_226' title='bbox 548 3579 598 3652; x_wconf 85' lang='lat' dir='ltr'><strong>in</strong></span> <span class='ocrx_word' id='word_1_227' title='bbox 623 3573 780 3650; x_wconf 86' lang='lat' dir='ltr'><strong>modum</strong></span> <span class='ocrx_word' id='word_1_228' title='bbox 803 3573 954 3678; x_wconf 88' lang='lat' dir='ltr'><strong>quando</strong></span> <span class='ocrx_word' id='word_1_229' title='bbox 990 3577 1176 3678; x_wconf 53' lang='lat' dir='ltr'><strong>quibusve*</strong></span> <span class='ocrx_word' id='word_1_230' title='bbox 1195 3577 1263 3650; x_wconf 88' lang='lat' dir='ltr'><strong>sub</strong></span> <span class='ocrx_word' id='word_1_231' title='bbox 1297 3575 1572 3654; x_wconf 83' lang='lat' dir='ltr'><strong>conditionibus</strong></span> <span class='ocrx_word' id='word_1_232' title='bbox 1604 3577 1745 3656; x_wconf 83' lang='lat' dir='ltr'><strong>radices</strong></span> <span class='ocrx_word' id='word_1_233' title='bbox 1776 3575 1989 3685; x_wconf 80' lang='lat' dir='ltr'><strong>augeantur,</strong></span> 
     </span>
     <span class='ocr_line' id='line_1_24' title="bbox 407 3699 1991 3808; baseline 0.001 -29"><span class='ocrx_word' id='word_1_234' title='bbox 407 3704 469 3779; x_wconf 74' lang='lat' dir='ltr'><strong>rix</strong></span> <span class='ocrx_word' id='word_1_235' title='bbox 494 3716 597 3796; x_wconf 73' lang='lat' dir='ltr'><strong>certo</strong></span> <span class='ocrx_word' id='word_1_236' title='bbox 623 3702 796 3775; x_wconf 82' lang='lat' dir='ltr'><strong>constitui</strong></span> <span class='ocrx_word' id='word_1_237' title='bbox 821 3715 960 3802; x_wconf 89' lang='lat' dir='ltr'><strong>potest.</strong></span> <span class='ocrx_word' id='word_1_238' title='bbox 1004 3699 1203 3774; x_wconf 79' lang='lat' dir='ltr'><strong>Rationem</strong></span> <span class='ocrx_word' id='word_1_239' title='bbox 1229 3717 1350 3776; x_wconf 84' lang='lat' dir='ltr'><strong>autem</strong></span> <span class='ocrx_word' id='word_1_240' title='bbox 1371 3719 1532 3808; x_wconf 87' lang='lat' dir='ltr'><strong>propter</strong></span> <span class='ocrx_word' id='word_1_241' title='bbox 1559 3723 1906 3808; x_wconf 78' lang='lat' dir='ltr'><strong>quam-augeantur,</strong></span> <span class='ocrx_word' id='word_1_242' title='bbox 1934 3704 1991 3780; x_wconf 81' lang='lat' dir='ltr'><strong>di-</strong></span> 
     </span>
     <span class='ocr_line' id='line_1_25' title="bbox 407 3823 1993 3931; baseline 0 -30"><span class='ocrx_word' id='word_1_243' title='bbox 407 3829 533 3902; x_wconf 84' lang='lat' dir='ltr'><strong>vinare</strong></span> <span class='ocrx_word' id='word_1_244' title='bbox 548 3849 772 3928; x_wconf 81' lang='lat' dir='ltr'><strong>possumus:</strong></span> <span class='ocrx_word' id='word_1_245' title='bbox 802 3823 953 3918; x_wconf 86' lang='lat' dir='ltr'><strong>scilicet,</strong></span> <span class='ocrx_word' id='word_1_246' title='bbox 981 3840 1024 3899; x_wconf 87' lang='lat' dir='ltr'><strong>ut</strong></span> <span class='ocrx_word' id='word_1_247' title='bbox 1049 3824 1559 3928; x_wconf 62' lang='lat' dir='ltr'><strong>aucto-,pondereeareatuu</strong></span> <span class='ocrx_word' id='word_1_248' title='bbox 1588 3853 1638 3903; x_wconf 90' lang='lat' dir='ltr'><strong>ne</strong></span> <span class='ocrx_word' id='word_1_249' title='bbox 1658 3826 1837 3904; x_wconf 82' lang='lat' dir='ltr'><strong>radicalis·</strong></span> <span class='ocrx_word' id='word_1_250' title='bbox 1853 3825 1993 3931; x_wconf 80' lang='lat' dir='ltr'><strong>syHaba</strong></span> 
     </span>
     <span class='ocr_line' id='line_1_26' title="bbox 408 3931 1992 4059; baseline 0 -33"><span class='ocrx_word' id='word_1_251' title='bbox 408 3948 624 4059; x_wconf 75' lang='lat' dir='ltr'><strong>suffixorum</strong></span> <span class='ocrx_word' id='word_1_252' title='bbox 648 3951 688 4026; x_wconf 80' lang='lat' dir='ltr'><strong>ri</strong></span> <span class='ocrx_word' id='word_1_253' title='bbox 712 3951 941 4052; x_wconf 88' lang='lat' dir='ltr'><strong>opprimatur</strong></span> <span class='ocrx_word' id='word_1_254' title='bbox 974 3932 1143 4051; x_wconf 83' lang='lat' dir='ltr'><strong>e&#39;tquasi</strong></span> <span class='ocrx_word' id='word_1_255' title='bbox 1167 3931 1395 4027; x_wconf 86' lang='lat' dir='ltr'><strong>obscuretur.</strong></span> <span class='ocrx_word' id='word_1_256' title='bbox 1448 3952 1495 4026; x_wconf 93' lang='lat' dir='ltr'><strong>In</strong></span> <span class='ocrx_word' id='word_1_257' title='bbox 1526 3978 1601 4055; x_wconf 93' lang='lat' dir='ltr'><strong>quo</strong></span> <span class='ocrx_word' id='word_1_258' title='bbox 1629 3932 1763 4028; x_wconf 83' lang='lat' dir='ltr'><strong>Graeci</strong></span> <span class='ocrx_word' id='word_1_259' title='bbox 1787 3947 1992 4026; x_wconf 84' lang='lat' dir='ltr'><strong>Sansoritae</strong></span> 
     </span>
     <span class='ocr_line' id='line_1_27' title="bbox 407 4073 1988 4184; baseline 0.003 -34"><span class='ocrx_word' id='word_1_260' title='bbox 407 4073 552 4177; x_wconf 82' lang='lat' dir='ltr'><strong>liuguae</strong></span> <span class='ocrx_word' id='word_1_261' title='bbox 579 4075 726 4176; x_wconf 87' lang='lat' dir='ltr'><strong>copiam</strong></span> <span class='ocrx_word' id='word_1_262' title='bbox 750 4076 781 4148; x_wconf 89' lang='lat' dir='ltr'><strong>si</strong></span> <span class='ocrx_word' id='word_1_263' title='bbox 806 4097 885 4148; x_wconf 91' lang='lat' dir='ltr'><strong>non</strong></span> <span class='ocrx_word' id='word_1_264' title='bbox 910 4075 1106 4175; x_wconf 83' lang='lat' dir='ltr'><strong>attigerunt</strong></span> <span class='ocrx_word' id='word_1_265' title='bbox 1117 4074 1184 4178; x_wconf 81' lang='lat'><strong>⁹⁰),</strong></span> <span class='ocrx_word' id='word_1_266' title='bbox 1217 4075 1336 4150; x_wconf 86' lang='lat' dir='ltr'><strong>simile</strong></span> <span class='ocrx_word' id='word_1_267' title='bbox 1369 4091 1493 4166; x_wconf 88' lang='lat' dir='ltr'><strong>tamen</strong></span> <span class='ocrx_word' id='word_1_268' title='bbox 1519 4074 1728 4184; x_wconf 73' lang='lat' dir='ltr'><strong>quiddam,&#39;</strong></span> <span class='ocrx_word' id='word_1_269' title='bbox 1746 4091 1857 4182; x_wconf 78' lang='lat' dir='ltr'><strong>atque</strong></span> <span class='ocrx_word' id='word_1_270' title='bbox 1883 4073 1988 4171; x_wconf 88' lang='lat' dir='ltr'><strong>haee,</strong></span> 
     </span>
     <span class='ocr_line' id='line_1_28' title="bbox 407 4179 1992 4304; baseline 0.001 -28"><span class='ocrx_word' id='word_1_271' title='bbox 407 4198 568 4288; x_wconf 79' lang='lat' dir='ltr'><strong>voluisse</strong></span> <span class='ocrx_word' id='word_1_272' title='bbox 595 4213 632 4272; x_wconf 91' lang='lat' dir='ltr'><strong>et</strong></span> <span class='ocrx_word' id='word_1_273' title='bbox 657 4199 762 4300; x_wconf 89' lang='lat' dir='ltr'><strong>quasi</strong></span> <span class='ocrx_word' id='word_1_274' title='bbox 785 4211 943 4272; x_wconf 84' lang='lat' dir='ltr'><strong>tentasse</strong></span> <span class='ocrx_word' id='word_1_275' title='bbox 967 4194 1152 4274; x_wconf 87' lang='lat' dir='ltr'><strong>videntur.</strong></span> <span class='ocrx_word' id='word_1_276' title='bbox 1186 4243 1226 4258; x_wconf 91' lang='lat'><em>-</em></span> <span class='ocrx_word' id='word_1_277' title='bbox 1258 4197 1412 4303; x_wconf 88' lang='lat' dir='ltr'><strong>Saepius</strong></span> <span class='ocrx_word' id='word_1_278' title='bbox 1432 4179 1508 4276; x_wconf 31' lang='lat' dir='ltr'><strong>‘alia</strong></span> <span class='ocrx_word' id='word_1_279' title='bbox 1533 4204 1686 4278; x_wconf 89' lang='lat' dir='ltr'><strong>mutatio</strong></span> <span class='ocrx_word' id='word_1_280' title='bbox 1710 4197 1811 4304; x_wconf 89' lang='lat' dir='ltr'><strong>apud</strong></span> <span class='ocrx_word' id='word_1_281' title='bbox 1828 4198 1992 4288; x_wconf 80' lang='lat' dir='ltr'><strong>Graecos</strong></span> 
     </span>
     <span class='ocr_line' id='line_1_29' title="bbox 396 4313 1990 4427; baseline 0.003 -31"><span class='ocrx_word' id='word_1_282' title='bbox 396 4313 613 4414; x_wconf 64' lang='lat' dir='ltr'><strong>&#39;inveniam</strong></span> <span class='ocrx_word' id='word_1_283' title='bbox 647 4349 687 4414; x_wconf 87' lang='grc' dir='ltr'><strong>ο,</strong></span> <span class='ocrx_word' id='word_1_284' title='bbox 722 4349 739 4394; x_wconf 84' lang='lat' dir='ltr'><strong>s</strong></span> <span class='ocrx_word' id='word_1_285' title='bbox 765 4337 803 4397; x_wconf 87' lang='lat' dir='ltr'><strong>et</strong></span> <span class='ocrx_word' id='word_1_286' title='bbox 828 4350 843 4393; x_wconf 94' lang='grc' dir='ltr'><strong><em>ο</em></strong></span> <span class='ocrx_word' id='word_1_287' title='bbox 868 4321 1011 4398; x_wconf 86' lang='lat' dir='ltr'><strong>litterae</strong></span> <span class='ocrx_word' id='word_1_288' title='bbox 1038 4325 1137 4396; x_wconf 90' lang='lat' dir='ltr'><strong>enim</strong></span> <span class='ocrx_word' id='word_1_289' title='bbox 1160 4326 1302 4398; x_wconf 73' lang='lat' dir='ltr'><strong>tam-in</strong></span> <span class='ocrx_word' id='word_1_290' title='bbox 1326 4326 1447 4401; x_wconf 78' lang='lat' dir='ltr'><strong>verbis</strong></span> <span class='ocrx_word' id='word_1_291' title='bbox 1472 4321 1682 4417; x_wconf 86' lang='lat' dir='ltr'><strong>flectendis,</strong></span> <span class='ocrx_word' id='word_1_292' title='bbox 1706 4350 1824 4427; x_wconf 90' lang='lat' dir='ltr'><strong>quam</strong></span> <span class='ocrx_word' id='word_1_293' title='bbox 1849 4329 1888 4400; x_wconf 93' lang='lat' dir='ltr'><strong>in</strong></span> <span class='ocrx_word' id='word_1_294' title='bbox 1913 4326 1990 4401; x_wconf 89' lang='lat' dir='ltr'><strong>for-</strong></span> 
     </span>
     <span class='ocr_line' id='line_1_30' title="bbox 345 4442 1990 4551; baseline 0.001 -30"><span class='ocrx_word' id='word_1_295' title='bbox 345 4511 350 4526; x_wconf 90' lang='grc'>,</span> <span class='ocrx_word' id='word_1_296' title='bbox 408 4442 550 4521; x_wconf 88' lang='lat' dir='ltr'><strong>mandis</strong></span> <span class='ocrx_word' id='word_1_297' title='bbox 575 4447 788 4520; x_wconf 83' lang='lat' dir='ltr'><strong>nominibus</strong></span> <span class='ocrx_word' id='word_1_298' title='bbox 813 4449 910 4520; x_wconf 88' lang='lat' dir='ltr'><strong>inter</strong></span> <span class='ocrx_word' id='word_1_299' title='bbox 935 4472 974 4522; x_wconf 87' lang='lat' dir='ltr'><strong>se</strong></span> <span class='ocrx_word' id='word_1_300' title='bbox 999 4463 1275 4550; x_wconf 88' lang='lat' dir='ltr'><strong>permutantur;</strong></span> <span class='ocrx_word' id='word_1_301' title='bbox 1310 4447 1530 4550; x_wconf 88' lang='lat' dir='ltr'><strong>atque&#39;raro</strong></span> <span class='ocrx_word' id='word_1_302' title='bbox 1558 4445 1707 4551; x_wconf 80' lang='lat' dir='ltr'><strong>quidem</strong></span> <span class='ocrx_word' id='word_1_303' title='bbox 1733 4450 1772 4522; x_wconf 92' lang='lat' dir='ltr'><strong>in</strong></span> <span class='ocrx_word' id='word_1_304' title='bbox 1795 4453 1990 4525; x_wconf 46' lang='lat' dir='ltr'><strong>‘nominum</strong></span> 
     </span>
     <span class='ocr_line' id='line_1_31' title="bbox 409 4569 1986 4681; baseline 0.004 -37"><span class='ocrx_word' id='word_1_305' title='bbox 409 4569 631 4646; x_wconf 88' lang='lat' dir='ltr'><strong>formatione</strong></span> <span class='ocrx_word' id='word_1_306' title='bbox 657 4598 680 4644; x_wconf 82' lang='lat' dir='ltr'><strong>a</strong></span> <span class='ocrx_word' id='word_1_307' title='bbox 706 4585 743 4646; x_wconf 90' lang='lat' dir='ltr'><strong>et</strong></span> <span class='ocrx_word' id='word_1_308' title='bbox 768 4571 1009 4681; x_wconf 84' lang='lat' dir='ltr'><strong>ealternant,</strong></span> <span class='ocrx_word' id='word_1_309' title='bbox 1044 4574 1253 4676; x_wconf 87' lang='lat' dir='ltr'><strong>saepissime</strong></span> <span class='ocrx_word' id='word_1_310' title='bbox 1279 4597 1349 4674; x_wconf 91' lang='lat' dir='ltr'><strong>pro</strong></span> <span class='ocrx_word' id='word_1_311' title='bbox 1376 4601 1392 4644; x_wconf 86' lang='grc' dir='ltr'><strong><em>ε</em></strong></span> <span class='ocrx_word' id='word_1_312' title='bbox 1416 4571 1554 4666; x_wconf 80' lang='lat' dir='ltr'><strong>vocali,</strong></span> <span class='ocrx_word' id='word_1_313' title='bbox 1585 4597 1679 4675; x_wconf 90' lang='lat' dir='ltr'><strong>quae</strong></span> <span class='ocrx_word' id='word_1_314' title='bbox 1704 4575 1745 4647; x_wconf 92' lang='lat' dir='ltr'><strong>in</strong></span> <span class='ocrx_word' id='word_1_315' title='bbox 1769 4573 1892 4651; x_wconf 84' lang='lat' dir='ltr'><strong>radice</strong></span> <span class='ocrx_word' id='word_1_316' title='bbox 1918 4589 1986 4667; x_wconf 90' lang='lat' dir='ltr'><strong>est,</strong></span> 
     </span>
    </p>
   </div>
   <div class='ocr_carea' id='block_1_5' title="bbox 410 4745 817 4765">
    <p class='ocr_par' dir='ltr' id='par_1_5' title="bbox 410 4745 817 4765">
     <span class='ocr_line' id='line_1_32' title="bbox 410 4745 817 4765; baseline 0 -5"><span class='ocrx_word' id='word_1_317' title='bbox 410 4745 817 4765; x_wconf 50' lang='lat' dir='ltr'><strong>m</strong></span> 
     </span>
    </p>
   </div>
   <div class='ocr_carea' id='block_1_6' title="bbox 409 4835 1989 5136">
    <p class='ocr_par' dir='ltr' id='par_1_6' title="bbox 409 4835 1989 5136">
     <span class='ocr_line' id='line_1_33' title="bbox 465 4835 1293 4921; baseline 0.001 -23"><span class='ocrx_word' id='word_1_318' title='bbox 465 4835 507 4918; x_wconf 81' lang='lat'><strong>⁸⁹)</strong></span> <span class='ocrx_word' id='word_1_319' title='bbox 529 4838 628 4920; x_wconf 85' lang='lat' dir='ltr'><strong>&#39;qnod</strong></span> <span class='ocrx_word' id='word_1_320' title='bbox 650 4859 744 4912; x_wconf 69' lang='lat' dir='ltr'><strong>apag</strong></span> <span class='ocrx_word' id='word_1_321' title='bbox 764 4839 890 4921; x_wconf 62' lang='grc' dir='ltr'><strong>(οοηςο)</strong></span> <span class='ocrx_word' id='word_1_322' title='bbox 911 4839 1018 4902; x_wconf 80' lang='lat' dir='ltr'><strong>sactum</strong></span> <span class='ocrx_word' id='word_1_323' title='bbox 1038 4860 1100 4902; x_wconf 78' lang='lat' dir='ltr'><strong>esse</strong></span> <span class='ocrx_word' id='word_1_324' title='bbox 1122 4839 1293 4902; x_wconf 74' lang='lat' dir='ltr'><strong>coniecerit.</strong></span> 
     </span>
     <span class='ocr_line' id='line_1_34' title="bbox 465 4936 1989 5026; baseline 0.003 -26"><span class='ocrx_word' id='word_1_325' title='bbox 465 4936 507 5019; x_wconf 82' lang='lat'><strong>⁹⁰)</strong></span> <span class='ocrx_word' id='word_1_326' title='bbox 550 4937 597 5000; x_wconf 81' lang='lat' dir='ltr'><strong>cf.</strong></span> <span class='ocrx_word' id='word_1_327' title='bbox 620 4938 758 5002; x_wconf 83' lang='lat' dir='ltr'><strong>Guileim.</strong></span> <span class='ocrx_word' id='word_1_328' title='bbox 778 4961 795 5002; x_wconf 86' lang='lat' dir='ltr'><strong>a</strong></span> <span class='ocrx_word' id='word_1_329' title='bbox 815 4939 992 5016; x_wconf 85' lang='lat' dir='ltr'><strong>Humboldt‚</strong></span> <span class='ocrx_word' id='word_1_330' title='bbox 1012 4939 1042 4998; x_wconf 92' lang='lat' dir='ltr'><strong>in</strong></span> <span class='ocrx_word' id='word_1_331' title='bbox 1063 4937 1244 5020; x_wconf 80' lang='lat' dir='ltr'><strong>praefatione</strong></span> <span class='ocrx_word' id='word_1_332' title='bbox 1264 4939 1301 5000; x_wconf 87' lang='lat' dir='ltr'><strong>ad</strong></span> <span class='ocrx_word' id='word_1_333' title='bbox 1321 4937 1443 5000; x_wconf 81' lang='lat' dir='ltr'><strong>librum:</strong></span> <span class='ocrx_word' id='word_1_334' title='bbox 1465 4939 1512 5002; x_wconf 90' lang='lat' dir='ltr'><strong>die</strong></span> <span class='ocrx_word' id='word_1_335' title='bbox 1532 4940 1739 5025; x_wconf 81' lang='lat' dir='ltr'><strong>Kawispraebe</strong></span> <span class='ocrx_word' id='word_1_336' title='bbox 1759 4965 1788 5026; x_wconf 85' lang='lat' dir='ltr'><strong>p.</strong></span> <span class='ocrx_word' id='word_1_337' title='bbox 1806 4939 1896 5004; x_wconf 70' lang='lat' dir='ltr'><strong>cix.</strong></span> <span class='ocrx_word' id='word_1_338' title='bbox 1916 4963 1989 5026; x_wconf 65' lang='lat' dir='ltr'><strong>sqq„</strong></span> 
     </span>
     <span class='ocr_line' id='line_1_35' title="bbox 409 5029 1702 5136; baseline 0 -32"><span class='ocrx_word' id='word_1_339' title='bbox 409 5039 460 5104; x_wconf 84' lang='lat' dir='ltr'><strong>nbi</strong></span> <span class='ocrx_word' id='word_1_340' title='bbox 480 5029 522 5104; x_wconf 77' lang='lat' dir='ltr'><strong>de&#39;</strong></span> <span class='ocrx_word' id='word_1_341' title='bbox 537 5059 638 5126; x_wconf 77' lang='lat' dir='ltr'><strong>guno</strong></span> <span class='ocrx_word' id='word_1_342' title='bbox 659 5051 690 5104; x_wconf 90' lang='lat' dir='ltr'><strong>et</strong></span> <span class='ocrx_word' id='word_1_343' title='bbox 709 5048 859 5120; x_wconf 63' lang='lat' dir='ltr'><strong>vfddbt,</strong></span> <span class='ocrx_word' id='word_1_344' title='bbox 880 5061 953 5122; x_wconf 88' lang='lat' dir='ltr'><strong>quae</strong></span> <span class='ocrx_word' id='word_1_345' title='bbox 973 5040 1012 5102; x_wconf 80' lang='lat' dir='ltr'><strong>sit</strong></span> <span class='ocrx_word' id='word_1_346' title='bbox 1031 5059 1134 5102; x_wconf 84' lang='lat' dir='ltr'><strong>eorum</strong></span> <span class='ocrx_word' id='word_1_347' title='bbox 1153 5039 1249 5136; x_wconf 30' lang='lat' dir='ltr'><strong>viriet</strong></span> <span class='ocrx_word' id='word_1_348' title='bbox 1268 5039 1354 5122; x_wconf 80' lang='lat' dir='ltr'><strong>ratio,</strong></span> <span class='ocrx_word' id='word_1_349' title='bbox 1374 5041 1523 5124; x_wconf 82' lang='lat' dir='ltr'><strong>praeclare</strong></span> <span class='ocrx_word' id='word_1_350' title='bbox 1544 5041 1702 5110; x_wconf 75' lang='lat' dir='ltr'><strong>diueriuu.</strong></span> 
     </span>
    </p>
   </div>
   <div class='ocr_carea' id='block_1_7' title="bbox 0 0 2278 5876">
    <p class='ocr_par' dir='ltr' id='par_1_7' title="bbox 0 0 2278 5876">
     <span class='ocr_line' id='line_1_36' title="bbox 0 0 2278 5876; baseline 0 0"><span class='ocrx_word' id='word_1_351' title='bbox 0 0 2278 5876; x_wconf 95' lang='lat' dir='ltr'><strong> </strong></span> 
     </span>
    </p>
   </div>
  </div>
 </body>
</html>
