4520 5896
1101 281 1127 330 V

178 499 243 562 cst.
296 488 359 562 Ad
385 487 609 562 sententiam
637 497 760 558 autem
789 485 863 558 hoe
890 509 968 558 non
994 483 1118 556 minus
1145 481 1470 558 accommodatum
1499 495 1567 574 est,
1596 479 1828 578 quamillud.
1867 479 1954 554 Duo
1977 481 2076 554 enim

176 634 245 707 riri
273 645 312 706 et
341 632 500 706 celerius
527 629 616 728 quid
642 628 855 704 faciendum
884 630 932 702 sit
952 627 1137 702 videbunt
1163 638 1201 700 et
1227 626 1499 700 consideratius
1528 651 1622 723 quae
1649 626 1828 700 facienda
1854 637 1942 702 suut
1968 651 2073 702 exse·

177 789 349 875 quentur,
389 776 501 850 unius
541 774 732 874 ingenium
760 787 799 848 et
832 773 976 848 tardius
1003 773 1074 848 erit
1106 785 1143 846 et
1170 773 1292 846 minus
1320 772 1641 869 circumspectum.
1708 769 1803 848 Eum
1840 784 1964 846 autem
2006 771 2068 868 qui
2103 791 2110 806 ·

176 924 301 998 minus
317 921 552 999 considerate
567 921 643 1018 agit
657 919 887 1017 posteriores
902 916 1032 994 Graeci
1048 919 1318 1025 βμχυγνῶμονα
1345 916 1484 990 dicuntv
1509 929 1547 990 et
1572 919 1777 1025 βραχύτητα
1802 919 1933 1018 γνώμης
1960 917 2077 994 Cleon
2122 934 2129 995 l

179 1069 278 1168 apud
311 1066 569 1166 Thucydidem
609 1063 661 1140 111
699 1031 746 1138 tu
775 1064 1003 1138 contrarium
1032 1089 1115 1137 esse
1142 1075 1273 1138 censet
1299 1065 1356 1149 τῆς
1381 1065 1566 1159 εὐβουλίας.
1709 1030 1712 1036 ¹
2119 1026 2125 1090 l

342 1210 504 1284 Remoto
531 1210 644 1308 igitur
670 1208 743 1282 hoc
770 1209 977 1300 vocabulo,
1007 1209 1107 1306 quod
1134 1211 1267 1284 falsam
1296 1243 1344 1287 σσ
1368 1210 1578 1282 litterarum
1605 1233 1653 1282 ex
1680 1203 1699 1286 i
1725 1220 1891 1282 ortorum
1912 1209 2076 1307 speciem

177 1357 395 1456 praebebat,
421 1370 550 1430 manet
574 1354 675 1428 haud
702 1379 841 1452 parvus
866 1355 1069 1430 verborum
1097 1381 1287 1446 numerus,
1315 1357 1353 1430 in
1382 1357 1516 1454 quibus
1536 1355 1689 1430 eaedem
1714 1381 1760 1428 ex
1782 1355 1959 1454 gutturali
1980 1381 2076 1452 quae

180 1515 338 1578 vocatur
363 1501 489 1574 media
514 1501 697 1599 originem
725 1487 879 1576 emisse
906 1499 1091 1574 videntur.
1144 1499 1462 1576 Perlustrantibus
1486 1502 1585 1576 enim
1610 1502 1649 1574 in
1677 1501 1947 1600 copiosissimo,
1975 1499 2076 1599 quod

183 1647 376 1722 Lobeokio
397 1645 590 1738 debemus,
619 1645 839 1720 Rhemstieo
870 1645 1073 1720 verborum
1089 1645 1295 1720 dentalium
1321 1645 1496 1740 indicem,
1524 1647 1614 1722 satis
1628 1647 1747 1720 multa
1769 1657 1949 1720 ocurrunt
1969 1671 2074 1744 prae·

182 1794 303 1868 sentia
328 1793 366 1866 in
394 1823 495 1871 -σσω
522 1791 710 1882 exeuntis,
738 1815 896 1888 quorum
923 1801 965 1863 ut
991 1791 1229 1886 antiquorum
1256 1792 1586 1888 grammaticorum
1620 1791 1806 1866 vocabulo
1846 1801 1951 1883 utar,
1991 1775 2074 1865 cha·

180 1951 303 2012 racter
329 1952 388 2012 est
411 1939 536 2012 littera
561 1973 597 2045 p.
638 1933 735 2008 Sunt
756 1946 881 2008 autem
908 1935 1012 2027 haec,
1033 1935 1222 2032 primitiva
1247 1933 1346 2012 tirou
1372 1939 1580 2040 (sardeon),
1607 1939 1747 2037 prisco,
1775 1941 1914 2045 ὀρύσσω,
1940 1933 2064 2026 circu

181 2087 345 2186 πλήσσω,
382 2085 543 2190 πράσσω,
576 2082 684 2188 ξήὰω,
710 2082 849 2180 σάττω,
876 2084 1040 2179 rosina,
1067 2081 1206 2183 tricae,
1232 2082 1392 2187 φρίσσω,
1417 2085 1570 2187 Opicon,
1605 2083 1775 2159 derivata
1800 2087 1984 2185 ἅλλαίσσω,
2009 2113 2076 2180 μοι·

180 2231 316 2339 fisco,
342 2233 593 2337 μαρμαςύσσω,
619 2229 832 2327 sterticen,
857 2229 1048 2334 πτερύσσω,
1076 2229 1256 2304 cosdroa.
1307 2227 1402 2302 Nem
1439 2229 1541 2328 quod
1568 2230 1658 2302 olim
1681 2229 1886 2328 (Tempora
1911 2255 1945 2302 u.
1972 2227 2076 2302 Modi

99 2407 103 2414 ·
175 2403 212 2476 p.
243 2379 344 2474 103),
369 2375 536 2452 Pottium
564 2389 726 2466 secutus,
752 2389 907 2472 propter
931 2373 1088 2446 latinum
1115 2399 1255 2472 inungo
1283 2374 1356 2448 huc
1382 2375 1570 2472 pertinere
1596 2375 1725 2474 putavi
1751 2379 1974 2475 sino-pricos,
2002 2375 2076 2447 hoc

177 2545 257 2596 non
284 2547 368 2596 cum
395 2521 577 2594 sanserito
603 2525 728 2617 παρ’,
756 2517 802 2592 de
830 2520 935 2618 cujus
961 2545 1031 2593 usu
1058 2545 1135 2592 non
1163 2519 1253 2592 satis
1280 2519 1537 2612 constat,·sed
1558 2545 1643 2592 cum
1670 2521 1778 2593 muk‘
1817 2522 1954 2615 radice,
1981 2547 2076 2618 quae

179 2665 368 2758 solvendi,
413 2664 619 2762 abjicendi,
653 2663 871 2740 effundendi
905 2663 1216 2762 significationem
1245 2665 1547 2762 frequentissimo
1589 2689 1658 2738 usu
1693 2667 1914 2740 illustratam
1947 2667 2074 2759 habet,

179 2809 475 2908 comparandum
503 2835 597 2902 esse,
623 2809 850 2884 vocabulum
879 2809 979 2906 quod
1007 2823 1065 2883 est
1089 2813 1192 2906 μῦκος
1220 2822 1257 2884 et
1282 2809 1540 2884 Romanorum
1566 2815 1710 2902 murus,
1737 2775 1888 2904 mucor,
1928 2817 2076 2904 mdceo,

177 2955 340 3030 mdcedo
369 2956 640 3032 demonstrant
694 2951 817 3042 Quare
843 2955 1033 3050 primitiva
1058 2955 1195 3028 radicis
1222 2956 1345 3028 forma
1371 2982 1447 3029 non
1476 2982 1577 3054 mup
1605 2957 1685 3046 fuit,
1714 2957 1781 3030 sed
1808 2955 1924 3049 mitt,
1965 2957 2075 3053 cujus

180 3101 407 3200 gutturalem
433 3099 595 3174 Romani
623 3096 754 3170 eadem
789 3097 935 3170 ratione
968 3098 1180 3170 molliorem
1214 3097 1401 3190 fecerunt,
1442 3124 1516 3195 qua
1544 3123 1590 3171 ex
1619 3125 1784 3196 eaquae
1814 3101 2073 3212 antiquissimo
2150 3186 2152 3197 Ι

177 3257 349 3343 tempore
377 3247 449 3320 fuit
473 3245 599 3318 radice
619 3241 717 3340 piu,
744 3243 782 3316 in
810 3239 1042 3317 Graecorum
1069 3258 1221 3329 ποικιλος
1247 3257 1406 3335 servata,
1433 3243 1612 3342 pingendi
1639 3245 1797 3318 verbum
1825 3245 2073 3319 deduxerunt.
2140 3206 2149 3285 .'

42 3419 47 3432 ·
178 3386 240 3462 Ex
265 3391 310 3464 iis
338 3403 463 3464 autem
491 3413 586 3486 quae
616 3387 918 3462 enumeravimus
946 3391 1128 3488 exemplis
1154 3390 1316 3487 primum
1344 3415 1388 3464 ea
1401 3401 1626 3481 tractemus,
1653 3415 1812 3486 quornm
1841 3391 1945 3486 origo
1973 3391 2073 3462 facil·

177 3533 267 3606 lime
294 3535 463 3634 indagari
489 3545 625 3632 potest.
664 3532 772 3608 Nam
799 3535 947 3640 <egdore
982 3535 1131 3631 quidem
1159 3562 1181 3608 a
1206 3535 1323 3608 latino
1341 3533 1498 3633 sareio
1527 3535 1821 3610 diversum’non
1849 3562 1937 3648 esse
1959 3537 2022 3608 vel
2048 3535 2074 3608 ii
2170 3517 2202 3588 7²(

177 3677 370 3754 Lobeckio
399 3677 586 3776 (Rhemat.
614 3705 648 3776 p.
679 3681 792 3776 1803)
828 3679 1002 3770 credent,
1029 3682 1090 3777 qui
1118 3681 1330 3779 complures
1369 3681 1518 3778 linguas
1554 3681 1862 3779 ,comparantibus
1903 3680 2073 3754 diffidere

178 3837 419 3900 consuerunt.
484 3825 614 3922 Itaque
640 3823 834 3900 Romanos
861 3826 1107 3900 vetustiorem
1134 3851 1269 3900 sonum
1298 3851 1555 3919 conservasse,
1582 3825 1788 3900 Lucianum
1815 3839 1939 3900 autem
1967 3827 2073 3900 alios·

182 3943 268 4066 que*
284 3971 486 4067 scriptores
524 3997 600 4045 non
629 3969 832 4044 admodum
866 3983 1036 4046 uetustos
1072 3969 1180 4066 (Lob.
1215 3971 1262 4044 ad
1289 3971 1426 4046 Buttm.
1462 3971 1507 4063 ll,
1548 3973 1637 4070 319)
1666 3971 1765 4070 spud
1800 3997 1893 4068 quos
1919 3973 2074 4079 ἐφςῶγην

179 4117 380 4208 invenitur,
409 4117 570 4190 mediam
598 4143 667 4214 pro
681 4118 785 4190 tenui
800 4117 1037 4190 substituisse
1053 4117 1300 4209 censebimus,
1327 4120 1536 4215 praesentis
1563 4119 1722 4192 formam
1749 4120 1895 4234 φροίςσω
1939 4119 2074 4192 eodem

179 4262 295 4336 modo
312 4287 359 4334 ex
374 4265 581 4360 antiquiore
597 4279 692 4373 φςακ
718 4265 854 4338 factam
877 4289 959 4338 esse
974 4263 1152 4356 dicemus,
1179 4289 1253 4360 quo
1275 4275 1406 4372 φρίσσω
1434 4289 1481 4338 ex
1501 4278 1583 4371 φςικ
1609 4277 1733 4338 ortum
1748 4279 1814 4338 est.
1828 4307 1878 4318 -
1896 4268 2074 4369 μάσσω,
2178 4285 2212 4329 ω’
2242 4296 2249 4317 ⁴

180 4413 407 4486 quamquam
443 4393 522 4488 jam
561 4393 600 4464 in
634 4392 803 4466 Platonis
837 4391 1042 4466 Theaeteto
1082 4394 1212 4493 ἑμοίγην
1245 4395 1382 4491 legitur
1416 4408 1452 4466 et
1487 4393 1723 4468 substantiva
1750 4395 1880 4495 μαγεύς
1905 4397 2029 4503 μάγοις
2065 4464 2072 4494 ,

179 4535 281 4635 prige
308 4535 355 4608 ab
384 4536 516 4608 eodem
543 4569 622 4639 μαγ
649 4537 854 4612 derivanda
881 4538 972 4628 sint,
1011 4551 1137 4612 tamen
1166 4539 1310 4635 plenior
1343 4565 1459 4612 sonus
1494 4539 1643 4612 auditur
1679 4539 1715 4612 in
1744 4555 1914 4647 usuagis,
1951 4545 2073 4646 βρῶμα

181 4683 218 4764 ἐκ
245 4667 358 4781 ζωμοῦ
380 4691 438 4757 sal
463 4688 614 4778 ἀλφίτων
641 4683 848 4784 (Hesych.).
901 4683 935 4754 A
963 4708 1035 4778 quo
1064 4683 1277 4756 miserandi
1312 4699 1349 4757 et
1380 4683 1659 4758 miserescendi
1694 4686 1811 4758 verba
1844 4713 1920 4759 non
1957 4687 2071 4782 longe

182 4828 331 4918 absunt,
360 4838 520 4924 quaein
547 4853 645 4926 pane
674 4827 899 4902 emolliendo
928 4839 965 4900 et
991 4827 1029 4899 in
1058 4827 1294 4901 salsamentis
1327 4827 1503 4932 parandis¹
1538 4831 1731 4927 proprium
1767 4857 1876 4904 usum
1919 4829 2070 4904 habent.

180 4970 353 5069 Denique
381 4971 532 5046 Lituani
560 4973 800 5070 antiquorum
827 4973 1030 5048 verborum
1058 4997 1312 5071 sonorumque
1338 4974 1587 5069 tenacissimi,
1627 4988 1824 5049 servarunt
1864 4975 2072 5068 mind-au,
