4532 5882
1048 569 1107 658 29,

288 786 386 868 rino,
412 787 621 887 omniaque,
653 808 747 886 quae
766 785 1030 861 nominativum
1052 787 1158 871 inu-s
1181 783 1390 879 terminant,
1418 787 1569 864 nomina
1589 771 1791 894 composita
1809 791 1864 866 afa

287 909 443 983 feramus
456 897 496 970 ..⁴
508 905 692 1018 σιγέρπη-ς,
709 899 907 998 &semita-s,
923 900 1144 1018 irradies-s,
1162 900 1356 1018 sobriae-t,
1379 904 1623 1006 σὲυχομείχι-ς,
1648 913 1807 1009 aliu-¹⁴),
1819 934 1865 1004 Α

285 1033 473 1108 Feminina
486 1036 524 1107 in
538 1032 632 1108 ovel
645 1059 677 1124 n,
694 1029 788 1136 quae
801 1057 976 1138 personas
991 1032 1293 1136 designent,·raro
1306 1040 1562 1124 inveniuntur3
1587 1063 1673 1112 nam
1685 1037 1863 1114 ut'adiecs
1951 1097 1954 1104 ⁴

285 1160 371 1250 tiva,
389 1157 653 1260 quorumbaud
667 1183 800 1262 parvus
815 1153 986 1236 numerus
1002 1157 1091 1234 duas
1103 1175 1245 1234 tantum·
1256 1164 1531 1240 terminationes
1543 1161 1667 1254 babet,
1685 1161 1746 1238 bio
1758 1185 1867 1267 piae«

285 1285 501 1374 termittam,
528 1281 701 1357 feminina
715 1281 753 1359 in
772 1313 790 1371 η
811 1283 887 1358 fere
907 1285 953 1359 ab
971 1283 1015 1358 iis
1028 1285 1238 1360 nominibus
1252 1283 1473 1380 formantur,
1499 1312 1593 1390 quae
1605 1285 1706 1363 velut
1719 1289 1864 1394 stipa-97

286 1397 379 1514 κόρη,
410 1401 567 1511 tota-e·
582 1399 695 1496 dedan,
730 1399 837 1498 disci-e
861 1449 877 1464 ·
895 1397 1012 1500 dimi,
1043 1423 1193 1482 tantum
1221 1413 1290 1514 per
1317 1417 1450 1512 genera
1475 1413 1681 1488 moventur.
1715 1409 1864 1486 ¹Perso-

284 1529 681 1606 narumfemininarum
694 1537 844 1607 nomina
857 1529 1155 1608 ain‘e'masculinis
1168 1521 1493 1639 buiussuffixiope
1503 1535 1626 1638 lingua
1634 1535 1775 1610 Graeca
1786 1561 1866 1610 non

283 1653 430 1729 finxisse
443 1654 604 1731 videtur.
630 1657 764 1760 Itaque
778 1681 895 1760 quum
908 1653 1193 1732 masculinorum
1205 1662 1244 1732 in
1258 1685 1308 1736 os
1319 1659 1553 1762 simplicium,
1571 1686 1665 1764 quae
1679 1659 1726 1734 de
1737 1663 1863 1764 persol

282 1782 341 1853 nis
357 1796 591 1883 usurpantur,
621 1807 794 1856 numerus
811 1806 944 1885 parvus
958 1784 1016 1873 sit,
1038 1785 1254 1884 ‚composita
1267 1801 1396 1881 autem¹
1416 1787 1456 1858 iu
1481 1783 1688 1872 femininos]
1704 1785 1864 1860 litteram

282 1927 361 1978 non
385 1906 426 1979 in
450 1929 489 1979 se
514 1904 711 2009 recipiant,
741 1931 819 1980 non
844 1905 958 2006 muita
983 1905 1132 1981 nomina
1158 1910 1198 1982 in
1223 1935 1242 1995 η
1268 1907 1421 1983 feminas
1446 1905 1635 2011 designare
1660 1915 1771 2013 posse
1786 1934 1861 2012 tap-

282 2043 398 2132 paret.
427 2025 553 2103 Paulo'
571 2029 676 2132 plura
702 2027 801 2134 apud
824 2028 1016 2106 Romanos
1040 2033 1342 2107 inveniuntnrin
1360 2059 1380 2108 a
1396 2033 1601 2125 terminata,
1621 2033 1732 2108 velut
1751 2059 1864 2133 puer..

279 2179 395 2252 pero,
421 2149 696 2256 grandiloqua,
724 2153 953 2260 pedissequo,
984 2155 1103 2256 qualia
1118 2155 1258 2232 Graeca
1282 2156 1406 2260 lingua
1430 2183 1508 2234 non
1532 2158 1722 2252 toleravit;
1751 2159 1865 2245 ›isira-

281 2268 347 2369 χὸὴ
374 2279 529 2351 enimsi
554 2274 601 2352 de
627 2277 911 2354 ancilia'rinum
936 2281 1155 2353 ministranti
1181 2282 1227 2353 ab
1252 2279 1419 2355 Homero
1442 2299 1652 2386 usurpatur,
1679 2269 1755 2356 boc
1773 2307 1863 2356 con·

279 2416 338 2474 tra
364 2405 656 2502 compositorum
688 2400 851 2502 regulam
876 2415 951 2475 est.
1002 2399 1049 2472 In
1079 2404 1288 2476 universum
1319 2419 1441 2478 autem
1472 2421 1702 2507 quantopere
1729 2404 1863 2481 Graeci

281 2513 374 2610 aba
399 2522 532 2598 suffixo
563 2527 604 2599 in
629 2525 847 2599 feminarum
872 2525 1084 2600 nominibus
1109 2525 1371 2620 abstinuerint,
1405 2525 1515 2603 docet
1538 2529 1558 2615 ἡ
1582 2518 1737 2636 synod-m
1767 2525 1862 2602 adeo

284 2651 381 2726 euim
408 2673 523 2751 quum
548 2677 566 2736 η
593 2629 1006 2742 suffixum'audiobant,
1042 2647 1103 2724 de.
1122 2651 1551 2754 abauactis'nominibus
1583 2655 1742 2754 cogitare
1773 2648 1862 2726 con·

284 2789 432 2848 suerant
472 2775 505 2871 (ἡ
539 2765 681 2882 τροφή),
718 2790 760 2848 ut
792 2773 988 2878 personam
1025 2773 1237 2886 femininam
1268 2754 1507 2879 designatum
1542 2777 1775 2862 abstinerent
1792 2799 1862 2878 poa

281 2901 353 2974 tius
384 2897 430 2970 ab
452 2897 629 2989 nlittera,
660 2915 698 2973 et
723 2899 924 2974 mascusiini·
937 2901 1195 2974 terminatione
1218 2915 1421 2976 uterentur.
1474 2896 1518 2976 od
1541 2918 1662 2978 autem
1690 2895 1791 3001 quod
1819 2922 1864 2973 ex

283 3049 306 3094 a
337 3037 459 3095 ortum
492 3047 569 3096 esse
602 3023 858 3123 probavimus,
904 3011 1112 3123 saepissime
1133 3025 1185 3098 -zin
1218 3023 1414 3098 mtdierum
1451 3027 1663 3103 nominibus
1703 3025 1863 3098 occurrit

284 3144 318 3242 (ἡ
344 3135 459 3225 ibri-r,
485 3135 633 3243 tamari-s)
649 3141 721 3242 ¹¹⁵).
772 3139 1081 3244 Frequentissime
1113 3167 1202 3214 vero
1228 3139 1253 3227 η’
1273 3161 1319 3216 et
1337 3174 1360 3218 a
1384 3145 1513 3218 suffixa
1538 3152 1577 3220 in
1603 3150 1790 3220 abstractis
1817 3171 1862 3220 ex

282 3267 405 3344 radice
430 3263 633 3340 formandis
659 3265 909 3370 usurpanturt‘
927 3263 1031 3340 velut
1052 3253 1199 3372 dipteri,
1223 3257 1382 3374 ri'vpaod,
1408 3257 1542 3360 ’ἡμᾶχη
1560 3269 1862 3368 innnumerisque

284 3392 363 3467 aliis
394 3395 434 3466 in
467 3392 699 3482 nominibus,
742 3415 838 3494 quae
872 3393 1006 3495 'cuique
1039 3393 1078 3465 in
1104 3389 1286 3493 'promptu
1304 3390 1407 3466 sunt.
1456 3389 1730 3495 Comparantur
1765 3388 1858 3466 Sana

285 3515 467 3616 scrita¹¹⁶)
483 3514 666 3616 helesp-d
682 3504 773 3602 βολή
791 3541 810 3590 a
828 3515 958 3618 lestap
971 3504 1126 3600 βάλλειν,
1138 3505 1264 3618 pugio
1279 3512 1402 3590 honor
1419 3541 1440 3589 a
1456 3507 1553 3619 ptig'
1578 3515 1861 3609 hon·orar¹e,La-

283 3645 360 3716 tina
384 3640 510 3743 suga,
541 3637 682 3726 suado,
714 3655 805 3744 logo
825 3643 937 3744 (teg).
967 3639 1124 3720 Multa
1143 3638 1252 3715 etiam
1278 3643 1317 3712 in
1342 3633 1401 3712 od.
1415 3639 1596 3716 'vocabula
1626 3639 1674 3714 ad
1704 3645 1764 3715 r‘es
1796 3637 1860 3716 de·-

280 3763 477 3868 signandas
502 3760 747 3839 deflectuntur
767 3806 807 3824 -
830 3755 1035 3856 ἡλαμπά-ς,
1059 3765 1081 3851 ἡ
1103 3751 1237 3856 >odd-s,
1261 3754 1474 3872 ἧτᾶμαρτῶς
1498 3767 1585 3868 (pro
1593 3760 1748 3872 ’ἁμαρτῆ
1760 3763 1860 3868 apud

283 3887 548 3982 Herodotum).
582 3931 623 3948 -
652 3884 843 3962 Permulta·
866 3885 953 3962 dein
977 3877 1175 3964 masculina
1201 3885 1311 3962 idem‘
1326 3903 1475 3990 experta
1500 3887 1603 3982 suut3
1637 3889 1803 3990 quotum
1821 3892 1860 3966 in

286 4012 504 4117 quibusdam
529 4016 638 4105 viam,
668 4038 741 4115 qua
761 4010 813 4087 'ad
831 4011 937 4086 illum
954 4037 1061 4088 usum
1078 4013 1328 4116 pervenerint,
1356 4016 1540 4116 persequi
1558 4008 1656 4086 haud
1669 4016 1860 4116 ingratum

286 4141 365 4214 erit.
422 4135 535 4234 Quod
561 4139 601 4212 in
626 4127 746 4215 πλέα-ς
769 4135 954 4214 vocabulo
979 4137 1088 4212 nobis
1111 4135 1221 4232 licet,
1246 4134 1321 4212 boo
1346 4131 1444 4212 enim
1460 4163 1481 4212 a
1497 4133 1576 4212 rad.
1596 4135 1681 4210 oter
1697 4136 1758 4214 vel
1774 4147 1856 4229 πλυ,

342 4492 397 4574 W)
438 4495 588 4580 Simplicia
609 4497 685 4560 enirn
707 4498 738 4559 in
758 4521 779 4557 a
799 4499 846 4560 vei
866 4523 894 4576 η,
914 4499 1011 4561 Latini
1030 4491 1127 4560 orata
1146 4499 1178 4560 in
1197 4498 1317 4562 modum
1337 4492 1469 4577 formata,
1489 4495 1565 4581 apud
1579 4497 1709 4560 Graecos
1729 4517 1795 4582 non
1811 4498 1857 4559 in-

287 4595 440 4658 veniuntur
461 4596 499 4656 ei.
520 4597 595 4659 Lob.
616 4597 761 4681 Paralipp.
782 4621 812 4681 p.
823 4598 895 4661 134.

341 4693 396 4778 ¹¹⁶)
438 4695 476 4758 oi.
497 4717 527 4778 p.
543 4697 587 4772 9.;
614 4699 762 4781 praeclare
783 4699 873 4785 igitur
893 4699 1001 4762 Graeci
1023 4699 1188 4763 differentia
1207 4699 1286 4766 inter
1305 4725 1327 4762 o
1347 4701 1395 4764 vei
1415 4725 1432 4773 η
1453 4692 1544 4761 etei
1569 4698 1614 4760 usi
1641 4709 1723 4778 sunt,
1748 4691 1857 4782 quippe

287 4798 335 4878 qui
356 4797 428 4860 illud
449 4795 578 4860 suffixum
598 4799 628 4860 in
649 4799 807 4880 abstractis,
827 4799 884 4864 boc
905 4802 1063 4884 praecipue
1082 4801 1113 4862 in
1133 4821 1321 4883 personarum
1341 4799 1505 4864 nominibus
1525 4794 1698 4883 usurparint.
1752 4809 1756 4820 '

155 4897 162 4904 “
227 4895 229 4900 ’
343 4895 398 4977 ¹¹⁶)
439 4899 547 4960 Rarior
566 4909 664 4961 tamen
686 4913 730 4962 est
749 4902 780 4962 in
801 4901 898 4985 lingna
912 4903 1057 4964 Sanscrita
1076 4901 1148 4964 haec
1168 4903 1344 4980 terminatio,
1366 4921 1449 4983 quam
1470 4901 1500 4962 in
1521 4903 1627 4964 ceteris
1648 4900 1775 4964 eiusdem
1789 4901 1857 4962 stir-

194 5009 218 5042 ²
289 4997 334 5079 pis
355 4997 477 5083 linguis,
505 5011 535 5061 et
559 4999 583 5061 si
603 4997 767 5063 Wiikinsio
793 5001 880 5063 iidem
901 5001 1052 5080 babemus,
1078 5003 1113 5064 iis
1134 5003 1290 5085 praecipue
1311 5003 1453 5065 radicibus
1474 5001 1617 5087 affigitur,
1642 5021 1714 5083 qaae
1740 5018 1857 5086 gravem

287 5098 416 5162 vocalem
435 5098 550 5165 babent.
593 5099 721 5182 (Sanscr.
742 5121 787 5206 gr.
807 5125 836 5186 p.
848 5099 918 5166 474.
940 5135 981 5152 -
1002 5125 1019 5167 a
1038 5102 1131 5187 beavy
1150 5103 1259 5183 vowel,
1281 5103 1352 5190 long
1372 5103 1412 5190 by
1432 5115 1535 5168 nature
1557 5126 1594 5168 or
1613 5099 1767 5187 position.)
1792 5115 1796 5124 ·
