4444 5866
1004 383 1196 494 L
1283 393 1287 401 .

340 595 439 668 Aua.
464 591 513 668 11.
538 590 602 666 4³.
656 590 704 668 Et
727 591 947 664 Plancinam
973 591 1072 664 baud
1098 589 1212 664 dubie
1237 591 1401 690 Augusta
1421 591 1573 666 'monuit
1603 591 1857 669 aemulatione
1882 621 1969 670 mn-

235 726 348 804 liebri
379 725 622 826 Agrippinam
647 725 849 802 insectans.
877 729 880 734 '

339 896 440 1010 Aen.
466 895 512 972 ll.
538 897 603 968 77.
655 891 696 970 Si
724 894 813 991 quid
840 893 974 968 hostile
1000 894 1167 992 ingruat,
1195 893 1459 992 quem-iustius
1484 919 1589 970 arma
1617 919 1664 970 eo
1690 897 1963 1000 oppositurum,

238 1029 303 1128 qui
331 1027 442 1129 legati
467 1027 724 1102 auctoritatem
751 1037 789 1101 et
808 1027 960 1126 propria
987 1027 1163 1102 mandata
1187 1023 1399 1124 acceperit?

339 1203 437 1270 Ann.
466 1195 528 1272 lll.
556 1195 594 1270 3.
646 1195 805 1273 Facilius
831 1158 1055 1274 crediderim
1084 1193 1241 1269 Tiberio
1267 1205 1306 1268 et
1332 1197 1532 1296 Augustae,
1557 1199 1621 1296 qui
1647 1202 1763 1278 domo
1789 1227 1866 1276 non
1894 1151 1963 1276 ex:

236 1328 436 1420 cedebant,
463 1329 677 1423 cohibitam,
705 1339 744 1404 ut
769 1353 1026 1428 parmenae,
1055 1340 1093 1404 et
1118 1328 1246 1402 matris
1273 1328 1452 1430 exemplo
1479 1331 1561 1410 avia
1587 1357 1737 1436 quoque
1755 1346 1792 1410 et
1811 1347 1962 1451 paternus

235 1464 386 1540 attineri
411 1463 642 1540 viderentur.

364 1601 486 1665 Tacitus
508 1603 535 1662 si
564 1595 691 1662 liberio
712 1609 742 1660 es
763 1597 908 1678 Anagrana
929 1601 1060 1680 scripsit,
1086 1574 1165 1680 qnae
1187 1607 1234 1664 ast
1256 1597 1384 1664 Fielrcrti
1407 1599 1445 1663 ad
1468 1601 1540 1668 Sea.
1562 1601 1600 1666 de
1614 1601 1706 1668 Clem.
1726 1605 1749 1670 Ι.
1771 1603 1821 1668 24.
1843 1605 1959 1688 opinio,

239 1735 303 1784 non
327 1717 430 1782 omisit
451 1739 472 1778 a
494 1718 771 1801 praepositionem,
800 1715 852 1781 sed
874 1717 967 1800 longe
988 1715 1071 1782 aliud
1094 1723 1215 1781 seentns
1245 1721 1292 1782 est
1318 1733 1355 1781 ac
1384 1717 1564 1802 plerumque
1584 1726 1721 1805 putatur,
1752 1740 1815 1808 non
1837 1725 1959 1810 votitam

237 1839 400 1904 Antoniam
424 1853 492 1900 esse
513 1837 545 1900 in
567 1833 723 1918 publicam
746 1833 881 1918 prodire,
904 1835 957 1900 sed
981 1831 1171 1901 commodam
1194 1851 1264 1918 erge
1284 1833 1436 1900 Tiberium
1460 1843 1489 1901 et
1510 1839 1685 1922 Augustam,
1708 1841 1759 1921 qui
1783 1840 1873 1904 domo
1896 1859 1960 1906 non

239 1955 431 2039 excederent,
453 1961 563 2036 sponte
584 1971 707 2036 egressu
729 1953 926 2024 abstinuisse,
948 1961 983 2018 ut
1004 1971 1060 2036 par
1080 1969 1211 2032 maeror,
1234 1957 1263 2017 et
1284 1955 1389 2019 matris
1413 1957 1552 2038 exemplo
1569 1957 1636 2021 avia
1655 1975 1778 2042 quoque
1791 1965 1819 2022 et
1834 1965 1961 2044 patruus

236 2076 360 2144 alileam
384 2073 568 2140 riderentur.
613 2071 872 2149 Quemadmodum
896 2073 990 2154 igitur
1011 2074 1070 2138 boc
1090 2073 1160 2138 icoo
1182 2071 1346 2136 ablativum
1376 2089 1485 2137 censae
1506 2091 1673 2158 agnoscere
1694 2091 1889 2158 cogeremur,
1912 2081 1954 2144 ita

238 2197 308 2276 dgr.
330 2191 381 2260 dd.
401 2212 462 2258 mo
481 2201 535 2256 aaa
556 2191 655 2254 eum
675 2187 1026 2254 calceamentorum
1045 2191 1239 2256 manifestum
1267 2195 1313 2254 est
1334 2189 1497 2258 abiaticum
1521 2165 1716 2258 instmmenti
1746 2211 1827 2277 esse3
1857 2211 1956 2277 neque

240 2311 408 2398 quidquam
429 2327 542 2376 causae
561 2311 613 2392 sit,
633 2325 687 2378 mr
708 2309 778 2389 pais
799 2307 928 2376 eundem
954 2309 1124 2378 liebertum
1155 2313 1278 2376 secutas
1298 2327 1321 2372 a
1342 2311 1598 2390 praepositionem
1628 2313 1774 2376 onissam
1804 2327 1873 2377 essa
1890 2321 1955 2378 sta-

238 2437 311 2516 tuat,
333 2431 370 2495 ot.
383 2432 472 2513 ¹ann.
493 2429 553 2494 xi.
575 2429 604 2489 4.
625 2424 793 2510 reparatoris
812 2424 945 2489 ionibus
966 2424 1170 2494 armenti.
1222 2428 1322 2496 Tertio
1345 2443 1435 2510 poam
1457 2429 1510 2497 ilic
1527 2429 1629 2498 nuntii
1649 2430 1718 2499 loca
1740 2431 1816 2501 ittet
1837 2431 1883 2500 iv.
1903 2433 1956 2500 26.

132 2597 135 2606 .
170 2605 174 2614 .
239 2555 353 2614 certum
375 2554 421 2614 ast
441 2545 635 2612 scribendam
657 2561 725 2609 ease
754 2541 861 2606 ὼοιω
886 2541 1222 2642 lfaodecember,
1251 2551 1281 2612 et
1310 2545 1434 2630 qnidam
1462 2563 1525 2614 noa
1549 2551 1674 2630 propter
1695 2547 1880 2616 deteriorem
1902 2565 1959 2615 co-

241 2667 342 2734 dicum
367 2683 443 2731 sane
463 2665 649 2732 levissimam
671 2667 724 2729 aut
745 2663 860 2730 nnllam
882 2665 1109 2748 auctoritatem,
1137 2663 1191 2729 sed
1221 2662 1410 2730 necessitate
1453 2663 1574 2736 Accedit
1603 2664 1686 2747 quod
1714 2666 1888 2748 depravatio
1911 2683 1958 2734 se-

241 2791 352 2868 quente
374 2785 512 2850 litterae
533 2783 677 2866 proclivis
700 2782 766 2846 tuit.

340 2937 440 3013 Ann.
466 2929 535 3010 111.
565 2938 621 3010 11.
672 2933 762 3008 Post
788 2956 884 3031 quae
901 2957 969 3006 reo
985 2933 1142 3006 Lucium
1159 2933 1388 3026 Arrrrntium,
1417 2933 1544 3009 Titum
1562 2935 1760 3030 Vinicium,
1789 2937 1960 3016 Asinium

240 3073 413 3168 Gallum,
448 3067 699 3145 Aeserninum
718 3065 965 3162 Marcellum,
989 3065 1150 3140 Sextum
1175 3067 1398 3166 Pompeium
1432 3078 1611 3164 patronos
1642 3071 1803 3168 petenti,
1839 3073 1960 3172 iisque

240 3207 387 3286 diversa
413 3201 698 3296 excusantibus,
725 3199 872 3295 Marcus
897 3199 1065 3300 Lepidus
1091 3208 1130 3272 et
1154 3198 1291 3274 Lucius
1317 3198 1404 3274 Pisa
1431 3208 1469 3274 et
1493 3201 1686 3280 Livineius
1711 3203 1876 3306 Regulus
1902 3208 1959 3284 al.

240 3343 350 3416 luere
375 3347 521 3415 arrecta
546 3335 650 3410 omni
676 3334 849 3427 civitate,
877 3343 1014 3432 quanta
1039 3334 1131 3408 fides
1156 3331 1286 3408 amicis
1309 3332 1544 3426 Germanum,
1579 3357 1676 3432 quae
1707 3334 1842 3414 fiducia
1875 3363 1956 3434 reo,

242 3475 337 3552 satin
363 3471 556 3550 culrffieaet
579 3491 624 3544 ac
649 3477 841 3568 premeret
867 3493 999 3542 sensus
1026 3493 1114 3541 siros
1141 3465 1331 3542 Tiberius.
1384 3467 1641 3568 depremere,
1669 3467 1739 3546 etsi
1753 3469 1849 3544 baud
1865 3472 1957 3550 alias

242 3611 419 3687 intentior
438 3607 599 3708 populus
624 3605 707 3704 plus
740 3603 812 3678 sibi
843 3601 881 3678 in
917 3603 1123 3702 principem
1158 3601 1325 3674 occultae
1360 3602 1463 3676 vocis
1496 3613 1557 3676 ant
1589 3603 1788 3701 suspicacis
1822 3604 1957 3682 silentii

241 3745 422 3845 permisit.

252 3873 255 3881 Ι
346 3917 443 3993 dnn.
469 3907 540 3987 Ill.
568 3907 628 3984 16.
681 3888 818 3981 Caesar
843 3903 946 3978 llaxo
966 3903 1005 3976 in
1029 3901 1252 3978 maestitiam
1267 3925 1333 3991 ore
1347 3925 1453 3976 arram
1467 3900 1660 3994 invidiam,
1688 3905 1805 3984 uitali
1819 3917 1955 4006 mous,

244 4047 411 4149 queritur
436 4045 535 4146 apud
559 4049 744 4134 senatum,
771 4037 986 4138 crebrisque
1011 4035 1359 4140 interrogationibus
1385 4035 1549 4138 exquirit
1575 4037 1726 4134 qrralem
1750 4038 1835 4140 Piso
1855 4039 1956 4115 diem

245 4205 464 4280 supremum
489 4187 717 4276 noctemque
739 4174 937 4274 exegisset.
991 4173 1112 4272 Atque
1137 4169 1201 4242 illo
1221 4169 1620 4271 pleraquesapienter,
1646 4172 1808 4270 quodam
1823 4173 1956 4252 incoa-

246 4312 376 4389 aultius
402 4311 654 4414 respondente
679 4307 810 4384 recitat
835 4307 1024 4380 codicillos
1047 4329 1070 4382 a
1087 4304 1223 4378 Pisone
1239 4304 1277 4376 in
1296 4304 1394 4378 bunc
1408 4301 1530 4378 lemna
1548 4303 1702 4380 modum
1718 4309 1956 4405 compositos,

372 4447 445 4512 Post
465 4445 614 4510 inediam
636 4441 866 4524 intelligendum
888 4461 960 4502 eae.

350 4603 450 4673 Anu.
476 4599 544 4674 111.
572 4599 633 4671 24.
673 4593 872 4670 ¹Exsilium
898 4591 969 4667 sibi
995 4589 1243 4666 demonstrari
1268 4589 1472 4684 intellexit,
1508 4612 1578 4662 nec
1606 4589 1676 4664 nisi
1702 4591 1860 4670 Tiberio
1883 4595 1956 4673 iar-
2074 4639 2081 4652 ,

248 4736 430 4838 peritanto
453 4729 646 4832 deprecari
672 4739 843 4808 senatum
869 4749 913 4804 ac
937 4725 1145 4826 principem
1172 4749 1283 4800 aristis
1310 4733 1366 4798 est
1392 4722 1509 4798 llaroi
1534 4721 1654 4802 Silani
1678 4723 1802 4802 fratris
1834 4726 1955 4802 fretus

250 4870 429 4969 potentia.

1519 4989 1522 4998 .
1630 4989 1673 5052 3*
