4532 5882
1167 529 1221 618 10

408 747 492 824 dem
517 750 657 852 optime
683 742 838 850 quadrat
855 743 918 842 (cf.
934 743 1025 818 Eur.
1039 701 1176 818 Bacch.¹
1190 768 1227 818 v.
1242 741 1332 818 664.
1347 736 1496 841 Dind.),
1524 740 1641 820 Furiis
1664 767 1753 818 vero
1768 739 1853 842 (Or.
1870 743 1980 840 318.)
2109 747 2133 774 ·’

406 899 484 948 non
510 875 706 950 convenire
730 867 907 961 videtur,
933 893 1155 972 quamquam
1186 867 1254 942 illo
1280 867 1367 942 loco
1394 860 1537 942 Sicos-s
1570 865 1634 942 sed
1667 856 1905 960 declaratore-s
1938 870 1982 944 iis

405 999 589 1073 tribuitur.
616 995 767 1098 ,Neque
792 993 922 1085 Furiis,
953 1018 1046 1095 quae
1072 994 1224 1095 proprie
1251 982 1377 1065 πὸτνιαι
1390 990 1450 1094 ⁴²),
1477 985 1598 1082 σεμναί
1619 989 1805 1083 dicuntur,
1833 993 1981 1095 Euripi·

407 1120 472 1197 des
490 1119 588 1196 aliud
606 1119 799 1224 epitheton
817 1143 927 1219 quam
943 1115 1017 1190 hoc
1036 1113 1192 1208 dedisse,
1221 1113 1286 1192 sed
1304 1115 1422 1194 solam
1439 1115 1596 1190 formam
1613 1121 1806 1194 mutavisse
1822 1117 1995 1210 videtur,

406 1237 572 1323 rsrvrddts
598 1243 721 1320 dicens
746 1267 817 1345 pro
842 1231 970 1342 arissam
981 1239 1044 1341 43).
1098 1241 1184 1316 Hoc
1209 1244 1329 1344 igitur,
1354 1246 1394 1318 ni
1420 1240 1543 1334 fallor,
1573 1241 1798 1345 exemplum¹
1815 1259 1870 1319 est
1893 1272 1918 1316 a
1941 1246 1982 1318 in

405 1366 452 1446 cd
476 1373 614 1448 mutati.
664 1367 789 1469 Atque
822 1369 973 1442 omnino
999 1359 1083 1440 din
1114 1364 1183 1442 bac
1217 1365 1484 1444 vocabulorum
1522 1364 1635 1442 classe
1674 1371 1788 1444 serius
1818 1365 1984 1444 additum

406 1521 483 1570 esse
509 1510 615 1598 puto,
643 1495 869 1594 nominaque
893 1495 933 1566 in
960 1483 1005 1564 ad
1027 1517 1047 1566 a
1073 1489 1256 1566 femininis
1282 1495 1322 1566 in
1347 1521 1370 1566 o
1395 1506 1433 1566 et
1456 1519 1475 1576 a
1502 1515 1580 1566 non
1604 1489 1749 1593 longius
1776 1490 1909 1568 distare
1931 1497 1985 1570 vi·

406 1619 551 1710 dentur,
582 1643 692 1720 quam
718 1619 869 1692 nomina
894 1618 934 1692 in
958 1608 993 1689 al
1013 1617 1059 1690 ab
1086 1619 1143 1708 iis,
1174 1641 1268 1718 quae
1293 1620 1333 1692 in
1358 1646 1368 1689 s
1393 1617 1654 1724 terminantur3
1683 1598 1751 1692 etsi
1775 1617 1904 1692 inillis
1922 1614 1986 1692 de·

191 1735 195 1742 ’
269 1769 272 1778 ’
405 1744 554 1819 clinatio
572 1757 747 1834 servatur,
778 1765 872 1843 quae
899 1733 1063 1816 ‹llittera
1088 1738 1134 1816 ad
1153 1769 1176 1814 a
1191 1738 1389 1818 accedente
1405 1744 1610 1816 invertitur.
1655 1741 1715 1817 De
1732 1744 1857 1846 paucis
1880 1767 1983 1834 vero,

407 1853 499 1970 qnae
525 1870 773 1959 inveniuntur,
803 1865 1009 1940 masculinis
1035 1868 1072 1940 in
1099 1859 1202 1964 ciffi)
1229 1863 1427 1969 dupliciter
1451 1866 1605 1944 iudicari
1630 1882 1767 1971 potest.
1812 1865 1909 1942 Nam
1925 1882 1989 1942 aut

406 1992 521 2066 abusu
546 1995 586 2066 in
610 1989 701 2066 baec
728 1989 967 2068 masculinum
993 2015 1105 2092 genus
1131 1989 1345 2068 translatum
1371 1989 1503 2092 est⁴⁵)‚
1529 2009 1574 2068 ut
1598 1991 1806 2094 saepissime
1831 1995 1871 2066 in
1892 2016 1986 2066 mas·
2098 1977 2102 1988 ¹

406 2115 613 2190 culinorum
646 2115 782 2190 formas
813 2114 1030 2189 femininum
1061 2140 1174 2218 genus
1203 2114 1421 2192 transfertur
1433 2113 1482 2217 46)
1520 2131 1583 2192 aut
1612 2119 1909 2192 terminationem
1941 2141 1985 2192 ex

407 2242 659 2343 antiquissimo
687 2237 754 2313 illo
782 2269 805 2312 a
830 2237 1053 2332 derivarunt,
1084 2236 1186 2342 quod
1212 2241 1384 2316 omnibus
1410 2243 1603 2343 generibus
1630 2257 1824 2317 co'mmune
1851 2257 1943 2316 erat.

556 2362 749 2438 tlitteram
765 2367 805 2437 in
829 2363 951 2468 lingua
967 2363 1150 2439 Senserita
1175 2363 1358 2440 radicibus
1385 2364 1571 2440 interdum
1597 2363 1684 2440 addi
1708 2364 1886 2460 videmus,
1914 2381 1990 2440 tam

406 2493 446 2563 in
476 2485 606 2563 mediis
636 2487 845 2580 vocabulis,
880 2487 982 2565 velut
1015 2486 1202 2588 lla-t-jo,
1240 2485 1419 2590 gerundio
1450 2489 1529 2566 rad.
1559 2489 1668 2584 han,
1704 2517 1814 2594 quam
1844 2494 1883 2564 in
1914 2487 1989 2565 fine

408 2615 711 2716 compositorum,
738 2611 842 2689 velut
916 2603 1317 2714 sarva-g'r'·t,omnia
1343 2615 1492 2688 vincens
1520 2604 1609 2717 (g'r')

915 2735 1154 2826 idda-lsr-t,
1191 2732 1320 2808 mundi
1345 2752 1490 2810 creator
1516 2739 1609 2837 (les)

914 2857 1221 2962 matt-testes,
1249 2861 1383 2933 terram
1408 2876 1537 2936 tenens
1563 2858 1701 2960 (lesbi)

408 2985 626 3088 quibuscum
650 2982 818 3085 Boppius
843 2982 974 3058 Latina
998 2991 1196 3083 super-stit
1222 2981 1311 3083 (rad.
1337 2987 1430 3082 sta),
1455 2995 1581 3087 equ-it
1608 2983 1699 3086 (rad.
1724 2987 1769 3086 ι),
1795 2984 1875 3068 alia,
1899 2983 1989 3060 Pot-

406 3113 477 3186 tius
500 3116 637 3210 pari-ct
662 3101 754 3216 (aspi
774 3123 811 3182 et
842 3105 920 3182 rad.
943 3111 970 3204 ι)
997 3110 1186 3204 ingeniose
1212 3112 1437 3208 comparavit
1449 3108 1514 3204 ⁴⁷).
1559 3107 1688 3184 Potest
1717 3109 1775 3183 his
1801 3112 1911 3183 etiam
1935 3117 1990 3182 in·

407 3231 506 3338 diget
536 3229 640 3324 addi,
676 3226 779 3331 quod
814 3253 859 3304 ex
888 3225 967 3302 inda·
995 3227 1056 3302 vel
1081 3225 1171 3300 indu
1195 3231 1468 3330 praepositione
1500 3247 1538 3306 et
1568 3229 1647 3306 rad.
1672 3258 1749 3334 gen
1773 3233 1993 3336 (gi-g(e)n·o,

406 3385 477 3448 γεν,
498 3346 609 3460 g'on)
636 3369 758 3427 ortum
785 3345 867 3442 est,
896 3353 990 3424 sicut
1015 3366 1211 3452 cognatum
1236 3349 1438 3455 iridi-gena.
1494 3352 1568 3431 Sed
1599 3380 1646 3431 ne
1674 3353 1807 3432 Graeci
1840 3353 1992 3458 quidem

345 3569 351 3590 Ι
408 3495 534 3556 carent
558 3477 782 3566 nominibus,
814 3497 908 3577 quae
935 3499 1019 3550 cum
1044 3472 1100 3550 his
1127 3473 1384 3570 conferantur3
1413 3475 1554 3554 addunt
1581 3483 1679 3556 enim
1706 3478 1890 3556 radicibus
1908 3483 1990 3585 qui·

408 3601 583 3692 busdam,
620 3627 714 3704 quae
741 3614 804 3676 aut
828 3599 875 3674 ab
902 3601 1029 3690 initio,
1063 3615 1125 3674 aut
1150 3627 1315 3707 syncope
1342 3604 1437 3680 sacta
1463 3607 1503 3679 in
1528 3603 1677 3707 longam
1695 3605 1869 3687 ,vocalem
1895 3605 1989 3682 desi·

409 3719 540 3806 nunt'r
555 3727 712 3817 literam,
742 3749 836 3828 quae
864 3749 980 3826 quum
1005 3727 1045 3798 in
1069 3729 1309 3812 nominativo¹
1323 3747 1406 3806 ante
1433 3759 1449 3807 s
1475 3727 1630 3824 excidat,
1660 3733 1700 3806 in
1726 3732 1867 3808 casibus
1894 3731 1988 3806 obli-

411 3858 494 3957 quis
518 3853 754 3954 conspicitur.
810 3848 925 3925 Cuius
949 3852 1006 3924 rei
1029 3851 1196 3954 exempla
1222 3869 1325 3930 sunt:
1422 3915 1426 3924 ,

562 3973 641 4052 rad.
669 4004 738 4066 γνω
765 4019 781 4034 -
807 3973 864 4052 St.
889 3964 988 4078 g‘nd
1014 4019 1030 4033 ·
1057 3967 1188 4064 si-yvcir

669 4088 746 4208 βςω
779 4194 783 4206 .
1054 4089 1271 4211 ,ὥμο-βρῶ-τ,
1297 4091 1531 4214 andepo-lipsio
1556 4091 1782 4213 dulps-lips&

468 4452 509 4534 Μ)
550 4453 664 4515 Herod.
673 4449 736 4530 Ill„
757 4449 808 4512 97.
828 4447 860 4512 ‘sd
880 4455 935 4512 triv
955 4445 1089 4515 nemrim
1108 4444 1173 4541 ipsivs

468 4553 509 4635 ⁴³)
552 4551 599 4614 Cl'.
620 4553 747 4615 Passow.
769 4553 799 4614 in
820 4553 913 4616 lexico
933 4575 957 4616 s.
978 4576 1007 4616 v.

405 4695 407 4700 ·
468 4655 511 4736 ⁴⁶)
554 4653 592 4717 el.
612 4655 720 4717 Battus.
730 4654 766 4733 1.,
787 4654 859 4718 252.

468 4753 509 4838 ¹⁵)
551 4755 630 4838 qnod
652 4757 688 4819 de
708 4756 870 4819 masculinis
890 4755 922 4815 in
942 4751 1186 4817 adsumendum
1208 4777 1269 4818 esse
1291 4753 1413 4818 videtur.
1473 4767 1476 4782 ·

468 4855 509 4937 ⁴⁶)
551 4858 631 4939 quod
651 4857 684 4919 fit
703 4858 734 4917 in
755 4857 886 4919 omnibus
906 4855 1055 4936 adjectivis
1076 4856 1282 4932 communibus,
1302 4856 1382 4918 velut
1401 4846 1496 4918 rideas
1516 4875 1601 4916 masc.
1623 4867 1654 4920 el
1673 4855 1742 4922 sent·

468 4955 509 5040 ⁸⁷)
550 4960 636 5042 Bopp
657 4957 759 5042 Vergl.
781 4957 836 5018 Gr.
856 4980 886 5040 p.
898 4957 983 5030 132,
1004 4957 1074 5018 Pott
1092 4957 1188 5040 Etym.
1208 4955 1330 5020 Forscb.
1340 4957 1376 5034 L,
1403 4977 1434 5039 p.
1444 4956 1515 5018 201.
1557 4957 1658 5024 Simile
1680 4955 1815 5042 quiddam
1835 4955 1865 5019 in
1886 4956 1990 5042 linguis

415 5059 534 5124 Celticis
555 5060 664 5124 detexit
682 5057 826 5141 Boppius,
843 5057 886 5120 cs.
927 5057 986 5122 Die
1007 5055 1175 5122 Celtiscben
1195 5056 1345 5142 Sprsclten
1365 5069 1422 5122 etc·
1442 5055 1533 5140 rats.
