4520 5896
578 867 778 925 ANTONIUS
799 869 1019 926 MAURITIUS
1036 869 1168 924 PFALZ.
1206 869 1306 925 ‘Natus
1331 888 1392 924 sum
1411 870 1510 927 Idibus
1528 871 1622 925 Juniis
1639 888 1665 926 a.
1684 869 1901 926 MDCCCXLII

509 952 675 1020 Borsdortii,
701 955 762 1009 vico
786 971 871 1024 prope
891 955 1015 1026 Lipsiam
1043 955 1110 1020 sito,
1140 956 1188 1010 ubi
1213 963 1293 1026 pater
1317 972 1432 1011 munere
1453 957 1592 1011 exactoris
1615 955 1767 1026 vectigalia
1792 957 1900 1011 viarum

510 1047 661 1095 stratarum
680 1039 860 1111 fungebatur.
884 1040 996 1094 Aetatis
1015 1056 1088 1094 anno
1106 1039 1188 1094 tertio
1206 1039 1313 1093 decimo
1326 1042 1502 1112 gymnasium
1519 1041 1730 1098 Nicolaitanum
1744 1041 1899 1112 Lipsiense,

510 1127 583 1196 quod
608 1125 639 1179 F.
660 1126 695 1180 A.
715 1124 826 1180 Nobbio
852 1131 911 1179 tum
935 1125 1054 1182 florebat
1079 1131 1199 1192 rectore,
1225 1125 1405 1196 frequentare
1429 1127 1516 1196 coepi.
1552 1127 1727 1182 Maturitatis
1745 1127 1903 1183 testimonio

509 1212 662 1265 instructus
685 1211 750 1264 inde
775 1213 813 1266 ab
835 1217 987 1265 auetumno
1005 1227 1029 1264 a.
1049 1209 1266 1266 MDCCCthl
1289 1229 1339 1282 per
1362 1219 1425 1268 octo
1443 1213 1588 1268 semestris
1607 1212 1721 1282 Lipsiae
1740 1212 1897 1268 litterarum

510 1297 677 1364 latinarum,
701 1313 883 1370 graecarum,
911 1296 1043 1351 historiae
1065 1297 1157 1350 studio
1181 1313 1293 1366 operam
1316 1299 1426 1352 navari.
1462 1297 1572 1354 Scholia
1595 1297 1708 1352 interfui
1726 1299 1766 1352 ill.
1785 1297 1901 1366 Klotaii,

513 1381 727 1450 Weatermanni,
753 1381 852 1449 Curtii,
877 1382 1032 1449 Ritschelii,
1057 1381 1234 1448 Overbeelrii‚
1259 1383 1428 1452 Drobischii‚
1448 1384 1588 1452 Weuelrii‚
1609 1383 1730 1451 Weissii‚
1755 1384 1901 1448 Pucino,

510 1468 547 1522 al.
566 1467 649 1538 Regii
669 1466 809 1521 seminarii
828 1467 991 1538 philologici
1010 1467 1114 1522 sodalis
1131 1467 1171 1520 fui
1189 1467 1346 1524 ordinarius
1365 1487 1415 1540 per
1434 1470 1488 1524 tria
1505 1470 1659 1525 semestris.
1696 1469 1834 1524 Examina
1851 1485 1903 1540 pro

511 1570 628 1608 munere
645 1553 837 1623 praeceptoria
854 1553 962 1624 publici
979 1559 1094 1623 peracto
1112 1570 1215 1607 annum
1234 1554 1354 1608 tirocinii
1372 1555 1400 1608 iu
1419 1555 1567 1627 gymnasio
1583 1555 1764 1626 Fribergensi
1782 1555 1898 1610 absolvi.

511 1639 614 1710 Nuper
631 1655 649 1692 a
665 1639 760 1710 regico
778 1639 931 1694 ministerio
947 1639 1087 1710 gymnasii
1101 1639 1310 1694 Chemnicensis
1323 1646 1489 1712 praeceptor
1505 1647 1616 1696 creatus
1634 1645 1711 1696 sum'
1726 1640 1900 1696 -Libellus

511 1725 572 1794 ejus
596 1725 748 1794 inscriptus
771 1731 827 1779 est:
851 1726 957 1779 Persica
976 1726 1031 1775 nnn
1052 1725 1201 1794 Karthopo.
1238 1726 1289 1778 Eia
1313 1729 1426 1797 Beitrop
1448 1745 1496 1779 zur
1525 1727 1689 1798 Witrdipanp
1711 1729 1760 1781 der
1782 1727 1903 1780 interae·

510 1811 625 1863 tionclen
649 1809 851 1880 Verbindnapcc
869 1812 904 1865 im
924 1811 1095 1864 Alterthumc.

578 1896 787 1955 AUGUSTUS
815 1895 1039 1953 LUDOVICUS
1067 1897 1168 1953 June.
1214 1898 1303 1952 ‘Fidei
1335 1898 1466 1954 addictus
1496 1899 1692 1970 evangelicae,
1722 1905 1807 1954 natus
1838 1915 1901 1952 sum

510 1981 691 2054 Guelferbyti
712 1986 750 2038 12.
771 1985 817 2039 die
834 1984 935 2038 mensis
954 1983 1064 2039 Sextilis
1081 1983 1147 2037 anni
1166 1981 1465 2052 MDCCCXXXXVI‚
1489 1984 1572 2040 tusto
1590 1992 1619 2040 et
1636 1985 1762 2040 Aemilia
1781 2001 1797 2039 e
1814 1991 1902 2054 geute

510 2065 661 2122 Klotaiana
681 2071 846 2140 parentibus
864 2069 985 2140 optimis,
1004 2070 1106 2139 quibus
1125 2069 1320 2140 superstitibus
1339 2070 1520 2125 vehementer
1534 2071 1633 2126 laetor.
1661 2069 1832 2124 Litterarum
1845 2070 1900 2140 pri-

509 2153 622 2207 mordiis
650 2154 774 2209 imbutus
804 2155 862 2209 adii
888 2155 1067 2225 gymnasium
1096 2154 1364 2225 Guelferbytanum,
1399 2156 1443 2210 cui
1473 2161 1554 2225 pater
1583 2173 1662 2212 meus
1692 2161 1817 2226 praeest,
1850 2155 1900 2210 ubi

471 2275 474 2282 ·
508 2245 620 2309 praeter
636 2239 711 2296 hunc
724 2259 768 2296 me
780 2241 961 2297 erudiverunt
979 2239 1156 2296 Christianus
1175 2243 1254 2312 Jeep,
1274 2241 1433 2296 carissimus
1445 2247 1573 2312 patruus,
1585 2240 1724 2307 Kuuaius,
1739 2241 1901 2305 Dresselus,

507 2324 757 2396 Rosseubanmins,
781 2327 983 2401 Steimeyerus‚
1007 2343 1122 2398 quorum
1146 2325 1308 2382 memoriam
1326 2343 1437 2398 semper
1454 2328 1573 2382 servabo
1591 2335 1672 2400 grato
1691 2328 1795 2383 animo.
1832 2328 1900 2382 Inde

510 2412 702 2484 duodeviginti
716 2431 802 2468 anuos
813 2423 895 2468 natus
905 2415 959 2468 rite
972 2414 1102 2468 dimissus
1114 2413 1213 2469 studiis
1226 2411 1403 2483 philologieis
1416 2429 1529 2482 operam
1540 2419 1695 2468 navaturus
1705 2415 1826 2484 primum
1836 2429 1901 2468 aea·

512 2497 633 2552 demiam
648 2498 869 2571 Gottiugensem,
889 2507 947 2554 tum
962 2500 1138 2570 Lipsiensem
1156 2499 1234 2568 petii,
1253 2499 1281 2550 in
1299 2515 1417 2568 quarum
1434 2505 1554 2570 utraque
1572 2500 1651 2555 binos
1670 2516 1758 2554 annos
1770 2498 1902 2554 remansi.

511 2583 545 2636 In
565 2581 688 2655 Georgia
709 2585 843 2656 Augusta
861 2585 1008 2640 academia
1027 2586 1224 2652 Leutschium,
1251 2585 1393 2648 Lotaium,
1418 2583 1573 2655 Sauppium
1595 2583 1731 2654 imprimis
1750 2601 1816 2640 vero
1834 2583 1898 2640 Hen

508 2670 597 2723 ricum
616 2669 756 2725 Ritterum
783 2671 878 2725 audivi
903 2678 930 2725 et
949 2669 1108 2725 Ernestium
1128 2669 1269 2737 Curtium,
1294 2670 1374 2739 cnjus
1398 2669 1530 2723 orationis
1549 2670 1576 2722 vi
1595 2676 1623 2724 et
1645 2674 1765 2724 venusta
1783 2669 1901 2724 docendi

508 2757 618 2810 ratione
643 2757 683 2810 ita
702 2773 763 2810 snm
782 2755 986 2822 inflammatus,
1009 2761 1042 2809 ut
1058 2756 1192 2825 quamdiu
1212 2755 1240 2808 in
1265 2755 1320 2810 hae
1339 2753 1491 2820 ¹academia
1508 2771 1636 2810 versarer
1652 2755 1729 2810 illius
1748 2755 1801 2809 viri
1819 2755 1903 2809 disci-

507 2840 618 2911 plinae,
651 2842 699 2912 qui
727 2859 771 2896 me
791 2842 824 2894 in
849 2840 1010 2895 societatem
1033 2857 1112 2895 suam
1137 2841 1259 2913 benigne
1281 2841 1403 2912 recepit,
1432 2847 1505 2896 totus
1533 2859 1577 2896 me
1607 2841 1746 2896 dederent.
1787 2839 1901 2909 Lipsiae

513 2925 628 2980 intertui
648 2926 751 2980 scholia
769 2927 884 2998 Georgii
904 2927 1003 2995 Curtii,
1030 2926 1206 2995 Drobischii‚
1230 2927 1402 2994 Eclrsteinii‚
1425 2926 1562 2982 Frideriei
1580 2926 1735 2994 Ritsehelii,
1760 2925 1901 2992 Zarncliii,

509 3011 613 3076 Curtio,
639 3011 805 3080 Ritschelio,
832 3013 943 3067 Klotzio
966 3012 1185 3068 moderatoribus
1207 3013 1236 3066 in
1260 3013 1409 3072 seminario
1432 3011 1604 3084 philologico
1622 3013 1651 3067 in
1669 3011 1900 3082 interpretatione

508 3103 632 3152 veterum
654 3097 820 3168 scriptorum
839 3115 990 3170 eorumque
1012 3099 1218 3166 emendatione,
1242 3098 1399 3153 Eeksteinii
1425 3104 1520 3154 autem
1544 3098 1680 3168 auspiciis
1697 3099 1727 3152 in
1751 3097 1903 3150 seminario

507 3183 699 3255 paedagogice
722 3184 751 3236 in
775 3185 914 3238 educandi
938 3190 967 3239 st
989 3185 1154 3240 instituendi
1176 3183 1327 3254 disciplina
1352 3185 1492 3240 exercitus
1515 3201 1584 3239 sum.
1622 3183 1730 3248 Quibus
1754 3183 1822 3236 viris
1845 3199 1903 3238 om·

506 3269 590 3324 nibus
608 3287 663 3342 ago
677 3271 783 3342 gratias
803 3287 887 3341 quam
906 3271 1053 3338 maximas,
1072 3271 1121 3326 sed
1138 3268 1298 3340 gratissime
1310 3287 1419 3341 semper
1431 3285 1584 3340 prosequar
1596 3269 1729 3324 memoria
1744 3267 1898 3338 Georgium

507 3353 633 3408 Curtium
663 3361 691 3409 ct
715 3355 889 3410 Friderieum
914 3356 1111 3424 Ritsehelium,
1136 3355 1185 3425 qui
1210 3371 1273 3410 eum
1298 3355 1362 3410 aliis
1385 3356 1471 3410 rebus
1496 3356 1590 3410 studia
1614 3372 1678 3410 mea
1704 3353 1901 3410 liberalissime

507 3457 615 3510 semper
637 3441 804 3510 adjuverunt
830 3448 888 3494 tum
915 3459 960 3510 eo,
985 3441 1059 3512 quod
1082 3459 1126 3496 me
1144 3441 1248 3513 insigni
1266 3426 1402 3496 beneflcio
1419 3441 1448 3494 in
1466 3441 1591 3511 privatas
1610 3441 1772 3504 societates,
1797 3439 1899 3508 quibus

507 3531 625 3596 uterque
648 3533 773 3596 praeest,
799 3526 982 3596 receperunt'
1005 3527 1177 3600 —Scripsit
1203 3527 1376 3587 decessiones
1398 3528 1508 3582 criticae
1531 3527 1568 3580 cd
1590 3525 1796 3580 mandationes
1821 3524 1902 3578 Clau·

508 3613 584 3665 dicei
599 3613 820 3682 panegyriconsm
840 3621 997 3682 spectantes.

576 3696 750 3754 JOANNES
774 3697 879 3754 HUGO
904 3698 1061 3754 HELBIG.
1105 3699 1220 3753 ‘Ponitai
1252 3704 1336 3753 natus
1361 3715 1422 3754 sum
1446 3697 1579 3753 Calendis
1602 3698 1750 3768 Aprilibus
1775 3714 1799 3752 a.
1826 3697 1852 3752 h.
1878 3715 1903 3751 s.

506 3783 657 3848 XXXXV,
682 3791 762 3854 patre
785 3784 936 3839 Cuilielmo
961 3785 1089 3852 Ernesto,
1118 3785 1166 3854 qui
1188 3783 1367 3839 latifundium
1391 3783 1570 3838 Ponitaiense
1594 3775 1779 3850 conduxerat,
1810 3789 1900 3838 matre

507 3867 657 3936 Therasia,
681 3887 696 3924 e
719 3876 804 3940 gente
823 3870 926 3926 Seholl.
962 3872 1115 3941 Postquam
1137 3877 1217 3940 pater
1240 3871 1269 3923 in
1288 3869 1449 3925 Helvetium
1470 3869 1618 3941 migravit,
1642 3869 1689 3923 ubi
1716 3870 1799 3924 etiam
1826 3885 1903 3924 nune·

506 3960 650 4022 versatur,
673 3963 761 4010 mater
787 3973 896 4010 summa
919 3957 1024 4025 pietate
1047 3956 1115 4010 mihi
1140 3956 1257 4011 colenda
1283 3972 1346 4010 cum
1371 3954 1466 4010 liberis
1490 3972 1514 4010 a.
1535 3955 1603 4011 LIV
1626 3961 1745 4010 excunte
1772 3954 1901 4025 Lipsiam-

508 4039 665 4094 habitatum
696 4043 779 4096 venit.
816 4041 877 4106 Quo
900 4042 961 4096 loco
983 4059 1051 4096 usus
1075 4059 1136 4096 sum
1160 4042 1308 4114 gymnasio
1330 4057 1401 4095 novo
1424 4040 1589 4104 universali,
1620 4041 1694 4110 quod
1719 4057 1793 4094 nunc
1820 4039 1900 4095 floret

508 4127 644 4181 directore
663 4125 752 4183 zillio.
788 4127 908 4182 Ineunte
926 4145 949 4182 a,
970 4125 1055 4181 LXll
1075 4128 1104 4180 in
1122 4127 1270 4198 gymnasio
1289 4125 1500 4192 Zwicliaviensi,
1526 4127 1570 4182 cui
1588 4131 1719 4197 praeerat
1739 4125 1904 4180 Friderieus

508 4209 654 4276 Krahner,
677 4213 786 4266 veniam
805 4213 953 4283 impetravi
972 4213 1000 4266 in
1019 4213 1193 4268 academiam
1212 4211 1376 4268 discedendi
1394 4217 1422 4266 et
1439 4213 1512 4267 inter
1530 4211 1721 4266 universitatis
1743 4210 1897 4281 Lipsiensis

508 4297 576 4350 civis
596 4303 725 4367 receptus
740 4315 808 4352 sum.
832 4299 926 4352 Primo
941 4298 1097 4354 litterarum
1116 4315 1267 4366 sacrarum,
1287 4305 1346 4352 tum
1364 4297 1559 4368 philosophiae
1577 4303 1606 4352 et
1618 4296 1791 4369 philologiae
1805 4296 1901 4351 studio

507 4383 618 4436 deditus
639 4399 689 4453 per
707 4384 852 4438 duodecim
873 4385 1018 4439 semestria
1036 4384 1147 4440 interlui
1160 4383 1263 4438 scholis
1278 4384 1398 4437 virorum
1411 4381 1632 4438 doctissimorum
1646 4383 1771 4448 Abrens‚
1791 4383 1902 4454 Anger,

507 4467 683 4534 Braeckner,
708 4470 832 4538 Curtius,
856 4470 1016 4537 Drobiscb,
1045 4470 1191 4537 Eckstcin,
1217 4469 1313 4537 Ebert,
1338 4468 1492 4536 Fritasehe,
1516 4467 1627 4534 Flatbe,
1654 4468 1777 4537 Hanlrel,
1804 4469 1902 4537 Klots,

504 4555 651 4622 Luthardt,
678 4555 837 4620 Uettonica,
861 4557 971 4624 Nobbe,
990 4557 1125 4627 Poeppig,
1145 4556 1266 4626 Ritschl,
1285 4555 1421 4622 Schoene,
1439 4553 1552 4624 heydel,
1573 4571 1598 4610 v.
1622 4553 1788 4618 Treischke,
1805 4554 1901 4622 Tucb,

506 4639 600 4711 Voigt,
620 4641 737 4710 Weisse,
757 4641 876 4710 Wenclr,
898 4641 1103 4711 Westermann,
1123 4643 1248 4706 Wuttlre,
1274 4640 1412 4697 Zarncke.
1449 4639 1581 4694 Necnon
1601 4641 1743 4710 particeps
1763 4640 1803 4695 fni
1823 4657 1900 4695 exer·

507 4727 671 4782 citationum
691 4728 832 4782 societatis
850 4729 1059 4799 grammaticae,
1080 4730 1125 4784 cui
1144 4728 1268 4796 Curtius,
1288 4725 1430 4782 societatis
1444 4724 1574 4795 Latinae,
1595 4727 1639 4782 cui
1654 4727 1793 4794 Klotaius,
1812 4726 1903 4782 socie
