4520 5896
991 697 1143 702 -
1196 668 1220 735 4

522 866 683 949 quandam
710 867 795 930 inter
821 882 962 928 sororem
985 863 1143 929 Graecam
1170 867 1204 928 et
1224 863 1370 928 Latinam
1397 865 1665 931 necessitudinem
1696 864 1901 930 statuendam

524 997 603 1053 esse,
626 977 666 1041 da
689 977 792 1057 gradu
813 979 922 1040 tamen
944 977 977 1038 et
997 973 1124 1039 ratione
1145 973 1241 1058 hujus
1264 975 1507 1042 necessitudinis
1529 975 1664 1041 multum
1688 975 1901 1059 disceptatum

522 1092 579 1152 est.
610 1087 657 1150 Ac
671 1087 820 1171 Boppius‚
840 1083 935 1168 hujus
957 1083 1142 1167 disciplinae
1164 1085 1310 1149 inventor
1332 1091 1365 1149 et
1387 1087 1593 1168 gravissimus
1616 1093 1736 1162 auctor,
1760 1106 1832 1150 cum
1855 1087 1902 1150 eis

522 1197 574 1280 qui
603 1198 747 1280 proxime
774 1217 847 1260 eum
875 1196 977 1258 secuti
1003 1199 1091 1268 sunt,
1121 1192 1206 1258 hanc
1237 1195 1486 1260 controversiam
1517 1196 1613 1279 paulo
1645 1197 1841 1262 subtiliorem
1870 1203 1902 1261 et

521 1309 624 1391 magis
651 1307 851 1372 reconditam
877 1325 918 1368 ne
945 1305 1044 1370 movit
1070 1304 1207 1388 quidem.
1251 1305 1479 1370 Mommsenius
1506 1313 1613 1370 autem
1641 1328 1711 1370 cum
1739 1308 1772 1370 in
1794 1327 1901 1372 rerum

521 1419 707 1484 Italicarum
728 1417 823 1482 initia
849 1421 882 1480 et
902 1417 1099 1480 incrementa
1119 1417 1309 1501 inquireret,
1332 1415 1453 1498 primus
1477 1437 1547 1480 eam
1570 1417 1763 1482 sententiam
1786 1437 1903 1500 propo-

521 1531 586 1594 suit
610 1537 641 1594 et
663 1529 791 1611 egregio
814 1546 872 1590 suo
896 1527 983 1608 operi
1006 1527 1098 1608 quasi
1125 1525 1316 1603 substruxit,
1344 1525 1486 1608 linguam
1509 1526 1664 1592 Graecam
1693 1549 1765 1592 cum
1787 1529 1903 1594 Latina

524 1641 672 1722 Oscaque
696 1645 729 1704 et
749 1636 901 1702 Umbrica
923 1642 956 1700 et
978 1657 1061 1719 quae
1082 1643 1253 1719 praeterea
1274 1634 1404 1700 fuerunt
1426 1637 1608 1702 vetustioris
1630 1637 1745 1702 Italiae
1773 1637 1901 1703 dialecti

525 1749 566 1814 ab
589 1749 635 1814 eis
658 1769 740 1832 quae
763 1749 946 1812 nominatae
968 1752 1045 1810 sunt
1065 1768 1130 1812 non
1149 1745 1286 1810 multum
1308 1745 1466 1823 diversae,
1495 1747 1653 1812 strictiore
1677 1747 1803 1813 vinculo
1827 1770 1901 1814 con-

517 1859 619 1942 jungi,
643 1880 700 1924 suo
724 1860 806 1924 enim
831 1857 970 1940 quodam
991 1855 1095 1920 rivulo
1116 1857 1255 1940 primum
1279 1857 1457 1939 conjuncto,
1480 1864 1594 1941 postea
1617 1857 1744 1922 demum
1766 1859 1800 1922 in
1822 1859 1902 1926 duas

521 1974 632 2052 partes
654 1969 819 2046 distracto,
843 1968 901 2031 has
923 1966 1047 2049 linguas
1069 1966 1111 2030 ab
1134 1965 1245 2032 eodem
1267 1966 1356 2030 fonte
1379 1987 1450 2032 esse
1466 1967 1627 2032 deductas.
1660 1967 1749 2032 Idem
1763 1969 1811 2032 vir
1826 1968 1902 2034 ‹loc-

520 2079 661 2144 tissimus
677 2099 875 2144 communem
890 2076 974 2140 hanc
988 2077 1155 2160 utriusque
1170 2082 1204 2140 et
1214 2075 1341 2160 linguae
1354 2083 1386 2142 et
1396 2078 1500 2159 gentis
1512 2077 1738 2160 antiquitatem
1752 2077 1902 2144 Graecoi-

519 2189 650 2254 talicam
660 2188 846 2254 nominavit.
869 2189 979 2269 Neque
995 2191 1104 2251 tamen
1118 2207 1229 2252 omues
1241 2185 1386 2252 homines
1398 2188 1492 2266 docti,
1505 2208 1640 2270 quorum
1663 2189 1792 2271 quidem
1803 2189 1843 2254 de
1853 2188 1903 2254 his

520 2298 615 2364 rebus
626 2299 784 2382 judicium
800 2309 856 2375 est,
868 2297 898 2362 ei
910 2297 1099 2382 adstipulati
1110 2301 1193 2362 sunt.
1213 2296 1364 2376 Fuerunt,
1378 2297 1432 2380 qui
1445 2298 1586 2363 Graecos
1602 2321 1672 2362 cunr
1684 2299 1771 2364 ludis
1783 2299 1902 2364 Persis-

520 2429 583 2492 que
604 2409 707 2474 artius
730 2407 969 2492 conjungendos
984 2428 1063 2487 esse,
1079 2405 1179 2472 Italos
1202 2427 1276 2472 vero
1300 2405 1342 2470 ad
1357 2407 1655 2489 septentrionalium
1670 2410 1836 2474 nationum
1856 2409 1902 2474 lo·

519 2517 637 2601 quendi
652 2523 683 2584 et
697 2518 824 2584 vivendi
838 2517 994 2584 rationem
1009 2517 1140 2602 propius
1155 2517 1307 2582 accedere
1323 2517 1560 2582 contenderent.
1593 2519 1636 2582 Et
1651 2525 1821 2602 postquam
1833 2519 1902 2584 Cel·

519 2633 626 2692 tarum
641 2629 770 2712 linguae
781 2630 960 2694 accuratius
971 2629 1158 2710 exploratae
1169 2631 1201 2692 et
1212 2627 1261 2692 vel
1270 2629 1554 2692 vetustissimorum
1567 2628 1732 2694 Gallorum
1745 2632 1900 2694 sermonis

518 2737 672 2821 reliquiae
687 2740 846 2822 quaedam
862 2759 903 2802 ex
918 2738 978 2802 soli
993 2737 1099 2801 Italici
1110 2737 1289 2819 Gallicique
1304 2738 1447 2802 tenebris
1461 2739 1493 2803 in
1510 2738 1613 2802 lucem
1625 2746 1808 2822 protractae
1820 2749 1902 2818 sunt,

519 2847 620 2912 Italos
637 2831 803 2913 Celtarum
818 2847 938 2912 iratres
953 2852 1032 2911 natu
1046 2847 1218 2929 proximos,
1234 2846 1432 2912 Graecorum
1447 2847 1564 2912 fratres
1581 2850 1717 2934 quidem,
1734 2850 1791 2916 sed
1806 2850 1902 2934 paulo

518 2957 713 3023 remotiores
734 2977 804 3022 esse
826 2957 941 3022 statuit
962 2958 1126 3040 Augustus
1150 2955 1344 3032 Schleicher,
1375 2957 1430 3039 qui
1453 2963 1490 3022 ut
1512 2961 1790 3042 comparatorem,
1805 2962 1902 3040 illam,

521 3089 587 3152 qua
608 3074 685 3134 ante
709 3089 786 3134 usus
814 3087 899 3145 sum,
928 3068 1121 3143 continuem,
1148 3067 1291 3150 bipertiti
1316 3068 1375 3132 rivi
1399 3068 1644 3134 Graecoltalici
1667 3071 1738 3136 loco
1761 3071 1903 3154 triperti-

519 3183 587 3242 tum
619 3179 782 3262 quendam
811 3177 1206 3243 Graeco—Italo·Celtieum
1234 3178 1309 3242 olim
1333 3177 1433 3242 luisse
1461 3178 1664 3244 existimavit.
1713 3182 1802 3258 Quae
1831 3203 1901 3246 cum

519 3287 567 3352 ita
588 3289 668 3367 sint,
695 3288 773 3354 mihi
801 3289 930 3372 quidem
958 3289 1000 3353 ad
1029 3287 1127 3352 finem
1155 3288 1217 3352 hae
1247 3289 1450 3370 quaestiones
1472 3287 1613 3352 noudum
1636 3290 1810 3371 perductae
1832 3311 1901 3356 esse

519 3397 684 3478 ridentur,
711 3419 772 3464 nec
798 3404 950 3482 poterunt
975 3398 1107 3481 perduci
1133 3398 1195 3462 uisi
1217 3397 1410 3481 diligentiori
1438 3419 1536 3481 opera
1558 3407 1590 3464 et
1611 3401 1734 3482 majore
1757 3401 1902 3466 doctriua

520 3509 552 3572 in
574 3507 637 3572 hoc
657 3491 880 3592 ar'gumentum
901 3508 1055 3584 adhibita,
1079 3507 1121 3574 ab
1143 3508 1291 3592 omnibus
1314 3507 1419 3574 adhuc
1441 3508 1509 3572 fere
1528 3509 1560 3572 in
1579 3515 1765 3574 transcursu
1780 3517 1867 3576 tract
1888 3545 1901 3558 ·

522 3623 599 3682 tum.
643 3619 713 3683 Hoc
735 3625 841 3684 autem
865 3619 942 3683 mihi
965 3625 1057 3684 extra
1079 3637 1205 3684 omnem
1228 3617 1463 3684 dubitationem
1488 3619 1629 3701 positum
1658 3627 1720 3698 est,
1747 3621 1902 3704 majorem

518 3727 705 3793 Italicarum
727 3729 908 3811 linguarum
931 3749 1003 3794 oum
1018 3727 1322 3811 septentrionalibus
1339 3729 1562 3812 cognationem
1582 3729 1795 3796 demonstrari
1814 3731 1902 3796 nullo

518 3839 614 3903 modo
636 3861 740 3922 posse,
765 3840 921 3905 Graecam
944 3845 1051 3904 autem
1074 3845 1108 3904 et
1122 3838 1271 3904 Latinam
1293 3839 1446 3922 linguam,
1469 3841 1614 3923 quamvis
1636 3840 1723 3905 haud
1744 3862 1848 3924 pauca
1868 3842 1902 3906 in

523 3949 569 4012 eis
592 3951 773 4033 antiquitus
796 3951 986 4032 discrepent,
1008 3957 1116 4016 tamen
1139 3951 1398 4034 gravissimarum
1419 3949 1452 4014 in
1474 3949 1654 4016 litterarum
1670 3951 1757 4016 souis
1774 3971 1902 4016 servan-

524 4058 573 4123 dis
595 4060 823 4143 mutandisque
837 4067 869 4125 st
890 4061 923 4124 iu
944 4061 1129 4126 accentibus
1144 4061 1301 4144 ponendis
1324 4065 1357 4126 et
1378 4059 1412 4126 in
1432 4060 1614 4126 nominibus
1634 4059 1833 4126 declinandis
1849 4061 1901 4126 de-

521 4167 727 4252 rivandisque
743 4170 926 4253 regularum
949 4171 1076 4236 vinculo
1099 4173 1145 4236 ita
1165 4173 1250 4236 iuter
1272 4191 1306 4236 se
1329 4169 1471 4254 copulari
1493 4177 1526 4236 et
1545 4170 1728 4253 constringi,
1750 4177 1788 4236 ut
1804 4172 1900 4236 etiam

522 4299 637 4360 genere
660 4281 802 4345 interae
826 4282 991 4363 proximae
1025 4281 1194 4348 habendae
1221 4281 1296 4346 sint.
1338 4281 1453 4364 ltaque
1483 4282 1609 4346 etiamsi
1630 4281 1768 4346 fortasse
1791 4303 1900 4346 verum

520 4395 571 4452 est
593 4389 718 4456 duabus
741 4391 791 4456 his
814 4392 976 4458 sororibus
1000 4393 1159 4475 germanis
1182 4391 1313 4456 tertiam
1335 4391 1490 4456 Celticum
1517 4390 1696 4456 addendam
1723 4411 1809 4468 esse,
1836 4413 1901 4474 qua

519 4497 558 4562 de
579 4519 617 4562 re
643 4499 693 4564 vel
715 4521 801 4566 nnnc
828 4503 861 4566 in
888 4507 981 4568 tanta
1006 4503 1217 4568 vetustiorum
1243 4506 1522 4568 monumentorum
1550 4499 1742 4566 Celtioorum
1766 4501 1901 4584 penuria

519 4607 650 4673 difficile
667 4610 838 4693 judicatur,
860 4612 988 4678 interim
1011 4612 1289 4696 operaepretium
1310 4614 1373 4678 erit
1387 4611 1558 4694 diligenter
1575 4617 1726 4678 excutere
1741 4631 1900 4696 quaecun-

520 4739 583 4801 que
607 4720 804 4785 Graecorum
826 4722 935 4805 lingua
960 4744 1032 4788 cum
1054 4723 1170 4789 Italica
1196 4723 1376 4788 communia
1401 4721 1508 4788 habet
1552 4721 1590 4786 In
1616 4743 1680 4806 quo
1709 4721 1797 4788 baud
1824 4743 1898 4788 raro
