4520 5896
1141 203 1179 252 lv·

208 439 303 490 uem
330 413 598 489 intercessisse.
650 411 707 484 Ac
736 411 836 484 valet
861 410 955 482 haec
983 409 1079 484 ratio
1108 433 1175 505 per
1201 431 1379 503 magnum
1408 427 1605 476 numerum
1649 400 1928 496 exemplorum,
1962 407 2005 471 ut
2029 395 2116 472 sibi·
2232 473 2233 488 ,

215 559 299 634 lans
325 559 390 631 illa
418 558 606 656 geminata
641 581 689 631 ex
724 557 828 630 tenui
865 556 928 629 vel
969 553 1150 652 aspirata,
1177 551 1327 624 mollior
1368 549 1542 650 autem(
1575 547 1722 618 litterae
1752 545 1882 618 sibilus
1910 567 1959 617 ex
1990 541 2118 616 media
2232 521 2233 560 ³

216 704 341 778 littera
368 702 550 800 originem
578 699 701 774 ducat.
753 697 1007 795 Comparativi
1035 698 1134 770 enim
1162 697 1225 793 qui
1254 710 1338 768 sunt
1366 693 1487 791 ἥσσων,
1513 693 1678 790 ἐλάσσων,
1704 721 1859 794 ιιρεισσων
1878 687 2118 788 superlativis

217 851 355 952 ἥκιστα,
383 848 579 949 ἐλάχιστος,
604 845 806 952 κράτιστοςς,
820 845 936 945 μείζων
962 866 1053 914 vero
1082 851 1118 913 et
1145 841 1260 942 ὁλιζοιν
1286 841 1446 938 μέγιστος
1473 850 1509 909 et
1536 841 1704 936 ὀλίγιστος
1723 835 1854 908 formis
1874 833 2119 932 respondent

219 997 379 1102 Θρῇσσα,
405 1002 579 1094 Φοίνισσα,
611 987 757 1097 ΙΚρῆσσα
784 989 902 1062 exiis
934 983 1169 1060 deducuntur
1196 985 1391 1082 stirpibus,
1432 985 1593 1080 quaein
1622 984 1762 1090 Θρῃκός,
1801 988 1957 1084 Φοίνικος,
1996 981 2123 1089 Κρνπάς

220 1138 519 1235 conspiciuntur,
558 1135 834 1231 verborumque
866 1145 1009 1240 φριοσω,
1040 1137 1171 1232 βήσσω,
1198 1143 1363 1227 λίσσομαι
1389 1129 1534 1203 radices
1550 1142 1637 1202 sunt-
1662 1142 1754 1232 φριιι,
1780 1132 1866 1227 βννχ,
1892 1141 1960 1226 λιτ,
1987 1151 2123 1200 eorum

219 1293 347 1356 autem
378 1307 473 1378 quae
501 1292 588 1354 sunt
613 1279 725 1388 κράζω
742 1292 778 1350 et
791 1277 855 1380 ἔξω
867 1310 958 1386 agap
972 1295 1009 1354 et
1034 1278 1080 1358 dl.
1122 1278 1226 1368 Quae
1254 1277 1381 1349 omnia
1406 1277 1444 1346 in
1470 1274 1567 1346 libro
1595 1273 1641 1346 de
1660 1274 1894 1372 temporibus
1919 1271 2123 1368 modisque

221 1427 364 1524 scripto
391 1426 561 1524 pluribus
589 1427 757 1524 exposui.
810 1427 870 1498 Ab
899 1425 968 1497 hac
995 1451 1085 1500 vero
1113 1428 1215 1524 lege,
1255 1433 1297 1497 ut
1324 1446 1371 1493 ex
1397 1419 1501 1492 tenui
1527 1420 1652 1492 littera
1679 1431 1717 1492 et
1744 1417 1933 1516 adspirate
1971 1449 2033 1519 σσ,
2073 1441 2123 1490 ex

224 1570 351 1645 media
375 1570 398 1673 ζ
422 1570 508 1663 fiat,
548 1594 568 1642 e
596 1569 937 1667 comparativorum
963 1595 1120 1644 numero
1148 1594 1245 1642 unus
1274 1576 1453 1662 exceptus
1481 1588 1562 1636 esse
1589 1563 1750 1656 videtur,
1792 1564 1855 1661 qui
1880 1565 2018 1663 legitur
2043 1591 2123 1639 uuo

220 1715 352 1789 iliadis
379 1716 464 1788 loco
492 1724 522 1793 K
548 1717 620 1788 226

1252 1857 1417 1957 produced
1448 1865 1480 1934 εἴ
1503 1859 1566 1965 πέρ
1595 1891 1632 1934 τε
1659 1860 1753 1963 νοήσῃ

590 2005 693 2080 αλλά
718 2006 756 2082 τὲ
781 2011 810 2080 αι’
835 2006 1035 2110 βράσσων
1060 2039 1097 2085 τε
1122 2012 1187 2094 νόος
1209 2009 1319 2096 hema*
1345 2004 1380 2084 δι’
1405 2039 1443 2088 τε
1467 2010 1572 2106 μῆτις.

385 2151 493 2224 Hanc
522 2151 620 2222 euim
648 2151 808 2224 formam
846 2165 995 2226 veteres
1023 2152 1173 2250 quidem
1201 2152 1494 2250 glossographus
1522 2177 1544 2224 a
1569 2153 1702 2258 βραχύς
1725 2147 1927 2238 derivasse,
1956 2145 2118 2218 Aristar·
2232 2155 2233 2172 ¹

223 2296 335 2370 chum
362 2321 430 2393 pro
458 2295 653 2394 participio
681 2293 859 2372 habuisse
875 2322 922 2370 ex
950 2297 1101 2372 scholiis
1115 2297 1272 2372 Venetis
1299 2311 1458 2388 constat,
1486 2299 1605 2372 nostri
1633 2315 1758 2370 autern
1785 2291 1967 2390 temporis
1993 2313 2119 2389 gram·
2232 2335 2233 2344 ι

224 2423 349 2496 roatici
376 2425 454 2496 fere
483 2449 614 2498 omnes
642 2423 871 2496 scholiorum
898 2425 1085 2498 minorum
1126 2426 1385 2500 auctoritatem
1423 2427 1540 2500 secuti
1582 2425 1627 2498 ad
1655 2424 1857 2522 positivum
1884 2415 2011 2525 βραδύς
2036 2441 2120 2515 per·

225 2568 346 2641 tinere
376 2568 648 2648 existimarunt.
702 2566 848 2656 Quibus
876 2595 1102 2668 quamquam
1132 2571 1220 2644 olim
1252 2572 1499 2668 adstipulatus
1527 2597 1608 2644 sum
1635 2583 1763 2643 tamen
1789 2593 1889 2642 nunc
1912 2565 2027 2643 fidem
2059 2565 2121 2638 ha·
2232 2611 2233 2670 ι

225 2711 315 2784 bere
343 2737 420 2784 non
449 2737 614 2809 possum.
668 2710 834 2783 Primum
863 2713 962 2785 enirn
997 2725 1054 2786 est
1086 2713 1159 2786 hoc
1186 2715 1345 2813 aliquid,
1373 2715 1473 2812 quod
1501 2715 1706 2788 seeundum
1736 2713 1975 2787 scholiastarn
1995 2707 2122 2782 Vene-

227 2868 308 2928 tum
337 2867 437 2928 certe
454 2880 600 2926 -nam
635 2856 748 2952 paulo
777 2856 884 2928 aliter
909 2854 1127 2932 Eustathius
1157 2902 1203 2912 —
1232 2860 1369 2934 vetusti
1396 2860 1449 2931 illi
1475 2861 1685 2959 glossarum
1711 2860 1935 2956 interpretes
1961 2857 2124 2964 βράσσων
2232 2943 2233 2946 ¹

74 3110 76 3121 Α
130 3018 137 3052 t
230 3027 252 3073 a
283 2999 417 3106 βραχύς
456 2997 703 3072 deduxerunt.
758 2999 1008 3073 Aristarchus
1048 3014 1173 3076 autem
1200 3004 1248 3076 ab
1288 3005 1346 3079 his
1379 3017 1579 3104 propterea
1617 3016 1762 3078 tantum
1800 3003 1974 3096 recessit,
2019 3002 2125 3100 quod
2232 2985 2233 3002 ¹

117 3154 119 3162 ’
227 3142 374 3243 οὐδαμοῦ
394 3146 555 3249 κέχρηται
583 3147 688 3243 τούτῳ
714 3151 778 3248 [τῷ
802 3149 956 3252 βραχύς]
981 3147 1139 3256 Ὅμηρος.
1178 3147 1274 3222 Nam
1301 3161 1343 3223 ut
1368 3151 1544 3224 universa
1557 3148 1712 3222 Homeri
1740 3149 1907 3220 earmina
1932 3146 1980 3220 ad
2006 3172 2123 3220 unam
2232 3157 2233 3200 ἓ

229 3290 411 3389 loquendi
436 3315 609 3364 normam
637 3291 832 3388 dirigebat,
870 3294 923 3365 ita
949 3292 1021 3366 hue
1049 3295 1152 3366 nullu
1179 3294 1294 3367 modo
1323 3295 1405 3367 fieri
1431 3319 1543 3392 posse
1570 3293 1727 3390 putavit,
1766 3305 1808 3366 ut
1833 3291 1944 3389 hujus
1972 3293 2122 3390 generis

230 3436 475 3534 adjectivum,
502 3434 602 3533 apud
628 3438 857 3532 posteriores
885 3435 1049 3512 Graecos
1076 3440 1371 3530 usitatissimum,
1398 3441 1435 3512 in
1462 3439 1630 3512 Homero
1658 3440 1776 3512 semel
1800 3440 1996 3538 legeretur.
2051 3438 2123 3528 Qui
2232 3533 2233 3542 ρ

227 3583 259 3655 si
285 3583 442 3688 βράσσων
469 3579 516 3652 ad
541 3577 667 3689 βραδύς
688 3581 875 3678 pertinere
903 3602 1014 3679 posse
1042 3585 1341 3658 existirnavisset
1369 3583 1536 3656 Homero
1564 3585 1854 3682 frequentatum,
1882 3583 1979 3658 hane
2007 3583 2122 3682 expli·
2232 3549 2233 3630 ἦ

227 3727 414 3800 cationern
440 3726 541 3800 haud
568 3726 680 3800 dubie
708 3726 932 3822 arripuisset.
983 3727 1036 3799 At
1062 3753 1138 3801 non
1162 3729 1391 3802 existimavit
1418 3755 1573 3826 eamque
1602 3729 1650 3802 ob
1678 3755 1827 3802 eausam
1856 3729 1903 3802 ad
1931 3753 2014 3802 earn
2042 3754 2122 3803 sen·

227 3873 383 3946 tentiam
411 3873 597 3970 confugit,
632 3883 674 3946 ut
699 3870 860 3980 βράσσων
885 3873 1119 3969 participium
1161 3898 1242 3948 esse
1284 3887 1320 3948 et
1345 3875 1574 3982 βρασσόμενος
1612 3875 1861 3980 ταρασσόμενος
1894 3869 1948 3952 tat
1982 3876 2022 3950 τά
2055 3869 2124 3956 δέος

234 4018 444 4118 significare
472 4017 623 4108 diceret,
651 4042 876 4116 quamquam
903 4017 1004 4120 άταξ
1030 4021 1181 4099 ἐνταῦθα
1195 4023 1356 4126 κέχρηται
1383 4025 1424 4130 τῇ
1444 4021 1542 4124 λέξει.
1581 4020 1677 4094 Nam
1706 4020 1883 4092 audacior
1908 4017 2121 4116 hujusmodi
2232 4043 2233 4066 ν

231 4163 338 4234 verbi
366 4189 455 4236 usus
482 4163 628 4236 facilius
656 4163 689 4234 ei
718 4162 916 4235 videbatur
955 4177 1088 4261 poetae
1116 4191 1191 4238 uno
1220 4169 1255 4238 in
1284 4168 1367 4239 loeo
1397 4167 1552 4240 concedi
1592 4191 1715 4264 posse.
1767 4162 1846 4238 Nos
1885 4190 1977 4238 vero
2017 4165 2123 4236 aliter

225 4307 476 4406 judicabimus
505 4320 541 4380 et
568 4331 653 4380 curn
680 4307 961 4406 glossographis
987 4311 1146 4418 βράσσων
1174 4339 1220 4384 ex
1248 4312 1382 4420 βραχύς
1408 4327 1449 4387 ut
1476 4316 1628 4390 ἐλάσσων
1654 4311 1700 4383 ab
1727 4312 1857 4410 ἐλαχύς
1878 4311 2017 4384 facturn
2041 4333 2122 4382 esse
2232 4387 2233 4394 ,

232 4454 478 4528 censebimus.
532 4451 733 4524 Innumera
767 4452 866 4524 enim
913 4480 996 4528 cunr
1044 4457 1143 4554 apud
1178 4459 1384 4556 Homerum
1420 4461 1659 4532 inveniantur
1693 4455 1795 4559 ἅπαξ
1821 4457 1979 4564 εἰρημένα,
2014 4455 2052 4526 in
2081 4477 2123 4526 ea
2232 4513 2233 4562 ,

231 4599 429 4698 praecipue
469 4596 672 4694 rhapsodia
711 4623 820 4694 quarn
849 4595 1033 4673 Pisistrati
1062 4601 1212 4676 demum
1251 4607 1484 4703 temporibus
1525 4607 1563 4678 in
1593 4605 1820 4701 reliquorum
1846 4625 2043 4674 numerum
2069 4621 2122 4670 re·
2232 4643 2233 4650 ν

233 4755 381 4840 ceptam
410 4767 492 4815 esse
520 4743 782 4840 comperimus,
808 4769 885 4818 non
912 4746 1045 4818 mirum
1076 4763 1133 4822 est
1159 4751 1318 4826 inveniri
1346 4751 1584 4848 adjectivum,
1611 4748 1712 4845 quod
1739 4749 1826 4845 quin
1845 4748 1923 4844 jam
1951 4741 2122 4839 antiquis·
2232 4799 2233 4808 ι

233 4887 330 4962 simo
356 4899 527 4983 tempore
564 4889 759 4982 exstiterit,
786 4901 940 4986 propter
968 4889 1227 4970 Rornanorum
1261 4897 1415 4970 brevi-s
1455 4897 1494 4992 (i.
1522 4921 1553 4968 e.
1582 4893 1840 4992 breg-uis)
1868 4891 2022 4964 dubium
2047 4909 2121 4960 non
2232 4963 2233 4976 ,
