4520 5896
996 749 1035 816 15

316 945 383 998 Plus
401 943 506 998 abhinc
524 942 566 997 tv
583 943 673 1007 aunis,
691 944 809 1014 primum
825 943 940 1014 Lipsiae
957 944 1058 1000 deiude
1077 943 1254 998 Franeofurti
1273 959 1443 1014 quamquam
1461 946 1565 1000 'arvitus
1584 948 1705 1018 negotiis

316 1030 438 1084 librariis
456 1043 569 1098 operam
587 1028 661 1082 dedi.
686 1029 742 1084 Sed
760 1037 869 1083 tautum
887 1030 977 1094 abest,
999 1030 1027 1082 ul
1047 1047 1097 1100 per
1109 1029 1162 1084 hoe
1173 1037 1285 1100 tempus
1299 1030 1442 1084 literarum
1455 1045 1533 1084 amor
1545 1032 1705 1100 deseruerit,

314 1123 358 1179 ut,
383 1121 520 1185 quantum
537 1131 582 1169 res
604 1114 735 1169 librariae
752 1117 802 1169 otii
820 1117 1002 1186 praebebant,
1025 1123 1135 1170 tantum
1153 1115 1182 1168 io
1201 1116 1307 1187 linguis
1325 1124 1355 1171 ct
1372 1133 1478 1187 graeca
1496 1123 1525 1170 et
1543 1118 1632 1175 latina
1651 1121 1705 1174 dis·

316 1202 412 1256 cendio
436 1207 522 1271 atque
546 1201 575 1254 in
598 1200 706 1254 artibus
729 1201 937 1256 mathematicis
955 1199 1158 1272 cognoscendis
1176 1201 1346 1256 collocarim.
1383 1201 1466 1257 Tunc
1485 1202 1596 1258 demum
1616 1213 1703 1274 pater.

314 1303 400 1358 quom
418 1287 471 1340 sibi
489 1285 676 1358 persuasisset
695 1285 838 1341 literarum
856 1303 986 1349 amorem,
1005 1303 1061 1357 quo
1077 1285 1249 1348 incenderat,
1268 1289 1408 1358 exsdngui
1429 1305 1484 1342 oon
1503 1305 1591 1358 posse,
1612 1291 1706 1346 multis

315 1373 445 1443 precibus
463 1373 604 1427 adductos
617 1389 660 1427 me
672 1373 790 1428 tradidit
804 1373 960 1436 Beuselerc‚
978 1372 1036 1426 vire
1048 1371 1249 1426 humanissimo
1263 1371 1354 1442 deque
1367 1372 1511 1428 literarum
1525 1376 1703 1446 antiquarum

314 1459 414 1514 studiis
439 1459 544 1530 optime
565 1459 678 1525 merito,
704 1461 786 1530 cuius
811 1459 940 1514 doctrina
958 1473 1007 1528 per
1025 1473 1128 1510 ιιιιιιιιιιι
1148 1457 1303 1510 instructus
1322 1459 1430 1526 primae
1448 1463 1543 1514 statim
1562 1463 1704 1532 gymnasii

314 1545 484 1600 Nicolaitani
499 1545 654 1614 Lipsiensis
672 1544 756 1599 classi
775 1543 930 1614 discipulos
947 1543 1107 1613 adscriptus
1124 1559 1194 1596 sum.
1228 1541 1283 1596 llic
1300 1543 1337 1596 ab
1355 1544 1522 1598 doctissimis
1538 1548 1705 1620 optimisque

314 1632 388 1696 siris,
407 1647 524 1701 quorum
542 1645 628 1702 quum
646 1631 768 1686 omnium
788 1635 846 1683 tum
861 1628 958 1699 Lipsii,
977 1628 1056 1698 prof,
1076 1627 1207 1682 memoria
1225 1643 1335 1698 semper
1353 1629 1440 1683 menti
1453 1645 1532 1684 meae
1544 1630 1631 1688 infixa
1643 1635 1704 1702 erit,

314 1717 398 1771 literis
417 1717 570 1782 institutos,
590 1719 759 1772 maturitatis
778 1716 904 1771 examine
922 1715 974 1770 rite
993 1721 1133 1783 superato,
1152 1713 1327 1768 academiam
1345 1713 1519 1785 Lipsieusem
1534 1719 1600 1788 adii,
1621 1727 1652 1775 ut
1668 1723 1704 1777 ad

315 1804 473 1873 linguarum
492 1809 617 1856 veterum
636 1805 877 1872 recentiorumque
895 1805 925 1855 et
941 1800 978 1854 ad
999 1798 1193 1870 philosophiae
1210 1797 1334 1853 studium
1349 1815 1393 1855 me
1406 1802 1567 1859 conferrem.
1595 1806 1704 1862 Scholia

312 1890 426 1944 intertui
445 1891 567 1942 virerum
585 1905 754 1942 summorum
775 1889 880 1954 Eberti,
900 1889 948 1958 qui
962 1887 1038 1941 haud
1056 1885 1224 1940 mediocrem
1236 1883 1305 1937 mihi
1318 1885 1540 1942 benevolentiam
1554 1895 1703 1962 praestitit,

314 1976 410 2036 Curtii,
431 1973 599 2038 Drobischii‚
618 1975 775 2037 Fritsschii,
797 1975 909 2038 lilotsii,
927 1971 1104 2034 Ouerbechii,
1124 1969 1280 2032 Rilsehelii,
1299 1967 1421 2040 Schiiuii,
1435 1972 1550 2045 Voigtii,
1563 1975 1703 2048 Zarnclrii,

314 2059 415 2115 Zilleri.
450 2061 544 2115 llosce
561 2061 643 2121 viros,
662 2077 695 2115 ex
713 2077 830 2130 quorum
848 2060 990 2114 uberrima
1001 2058 1145 2112 doetrinae
1157 2059 1240 2126 copia
1253 2057 1402 2110 maximam
1415 2061 1529 2130 percepi
1542 2062 1702 2133 utilitatem,

314 2153 470 2200 summast
492 2147 670 2200 redemtione
694 2153 723 2200 et
745 2145 850 2215 pietate
874 2145 1003 2214 prosequi
1027 2159 1082 2198 uon
1105 2141 1249 2196 desinam!
1287 2143 1415 2197 Libellus
1440 2145 1501 2214 ejus
1524 2148 1703 2207 inscribitur:

315 2232 365 2284 Dis
384 2233 640 2302 horsdsclrsftliclen
661 2231 852 2298 (r'tstoltuepsn
870 2231 917 2282 sier
935 2229 1060 2282 Clausen
1079 2229 1111 2280 do
1129 2235 1200 2295 peste
1218 2228 1366 2281 Fisrabraa
1390 2234 1445 2282 und
1469 2233 1525 2284 ihre
1551 2234 1701 2306 Vorstusen.

382 2316 583 2372 ERNESTUS
602 2315 792 2371 AEbllblUS
816 2315 970 2370 tantan.
1007 2315 1108 2369 ‘Natus
1131 2329 1192 2367 sum
1215 2329 1289 2366 anno
1314 2313 1341 2367 h.
1364 2331 1385 2366 s.
1411 2315 1516 2371 XLlV.
1541 2319 1701 2377 Christiano

314 2403 473 2472 Theophilo
492 2409 520 2457 et
539 2401 637 2456 Minus
655 2400 787 2456 Carolina
806 2403 978 2471 parentibus,
998 2417 1067 2470 quos
1085 2405 1266 2469 praematura
1278 2407 1366 2454 morte
1378 2401 1446 2454 mihi
1460 2411 1566 2474 ereptos
1576 2409 1699 2468 maxime

314 2488 402 2554 doleo,
427 2489 455 2540 in
474 2487 535 2542 vire
554 2487 689 2542 Lutatiae
706 2487 866 2558 superioris,
890 2489 938 2557 qui
958 2487 1060 2540 dicitur
1078 2482 1273 2550 Waltersdorf,
1298 2485 1372 2540 nude
1390 2494 1583 2556 postmortem
1604 2495 1700 2548 matris

312 2575 473 2627 carissimae
501 2589 589 2627 anuos
611 2573 653 2627 xt
678 2579 763 2628 natus
790 2572 939 2628 Zittaviam
964 2571 1120 2627 translatus
1152 2587 1213 2624 sum
1246 2570 1284 2624 ab
1311 2573 1451 2626 avunculo
1475 2591 1536 2629 mee
1562 2581 1701 2648 gymnasii

311 2659 490 2713 Zittariensis
513 2665 634 2726 rectore,
663 2661 786 2713 ilenrico
808 2659 887 2714 dolio
910 2658 1072 2723 Kaemmel,
1104 2673 1186 2728 quern
1210 2663 1345 2724 tanquam
1371 2658 1490 2712 alterum
1520 2671 1627 2730 patrem
1657 2667 1702 2734 pio

312 2751 448 2814 gratoque
474 2745 567 2798 animo
593 2745 684 2800 colere
711 2738 765 2799 uon
793 2745 927 2799 desinam.
964 2743 1035 2797 lude
1060 2745 1097 2798 ab
1120 2757 1194 2796 anuo
1217 2741 1243 2794 h.
1268 2757 1290 2792 s.
1316 2737 1391 2795 LVI.
1415 2743 1482 2798 mihi
1508 2750 1639 2818 contigit,
1672 2759 1703 2805 ut

311 2833 419 2884 artibus
438 2829 605 2884 liberalibus
623 2831 651 2884 iu
670 2833 819 2902 gymnasio
837 2829 1001 2884 Zittavieusi
1020 2831 1179 2883 instruerer.
1205 2825 1278 2880 Vere
1297 2827 1364 2880 anni
1385 2827 1487 2883 LXIV.
1508 2832 1535 2884 h.
1554 2850 1575 2884 s.
1593 2834 1701 2889 civibus

311 2917 477 2971 academiae
498 2916 654 2986 Lipsiensis
673 2916 833 2984 adscriptus
851 2931 921 2977 som,
940 2915 1041 2968 studiis
1059 2913 1237 2984 philologieis
1256 2917 1285 2964 et
1296 2910 1434 2968 historicis
1446 2933 1558 2988 opernm
1572 2921 1702 2988 daturus,

310 3003 405 3072 ibique
423 3000 601 3070 frequentavi
615 3000 726 3054 scholas
740 3001 926 3070 philologicas
939 2999 1135 3060 Brorlrhausii‚
1150 2999 1248 3062 Curtii,
1262 2997 1373 3069 Klotzii,
1390 3003 1546 3069 liitsehelii,
1560 3003 1699 3066 Schoenii,

312 3087 529 3152 Westermanni,
556 3085 697 3152 Zarnelsii,
723 3085 868 3138 historicas
888 3085 1093 3152 Biedermauni‚
1114 3085 1228 3154 Flathii,
1249 3088 1406 3156 pancherii,
1426 3088 1542 3160 Voigtii,
1562 3090 1701 3157 Wenclrii,

311 3171 530 3235 Wachsmuthii,
550 3171 681 3237 Wuttlrih
703 3169 910 3240 philosophicas
930 3171 1089 3225 Dmbischii
1108 3178 1136 3226 ct
1149 3173 1291 3233 Ahrensii‚
1311 3175 1520 3244 paedagogicas
1535 3175 1701 3242 Eehsteiuii,

312 3261 392 3330 cujus
411 3259 561 3312 seminario
579 3273 630 3328 par
647 3259 701 3311 tria
719 3255 866 3311 semestris
884 3255 1007 3321 interfui,
1027 3257 1118 3324 blasii,
1136 3257 1242 3324 Zilleri,
1268 3260 1349 3328 cujus
1367 3259 1580 3314 exercitationes
1597 3263 1699 3330 paeda-

311 3347 426 3416 gogicas
445 3361 495 3414 per
514 3361 599 3398 unum
618 3349 752 3399 semestre
770 3339 956 3412 frequentari.
983 3344 1134 3398 Praeterea
1147 3343 1242 3397 audiri
1256 3344 1328 3397 viros
1342 3344 1544 3399 illustrissimos
1560 3347 1699 3400 Luthard-

309 3439 377 3497 tum,
397 3429 611 3496 Overheclrium‚
636 3429 818 3484 lioseherum.
855 3429 910 3482 Per
927 3429 1142 3500 quadriennium
1160 3445 1214 3492 non
1233 3431 1294 3484 siue
1312 3447 1417 3503 magua
1436 3431 1558 3485 utilitate
1578 3433 1700 3486 wotrtii

313 3517 542 3570 exercitationum
561 3515 756 3569 historicarum
776 3515 916 3584 particeps
934 3515 983 3581 fni,
1002 3515 1049 3585 qni
1069 3516 1170 3570 eximia
1188 3533 1232 3571 me
1251 3525 1283 3572 ut
1300 3517 1410 3587 excepit
1428 3519 1467 3571 ita
1479 3525 1644 3586 prosecutus
1659 3527 1701 3572 est

310 3602 493 3667 humanitate,
508 3617 592 3672 qnam
606 3603 642 3655 oh
655 3617 712 3655 rem
725 3617 835 3670 semper
849 3615 988 3656 eumcum
1003 3601 1112 3656 sincera
1126 3601 1209 3657 laude
1222 3609 1250 3657 et
1262 3603 1367 3673 pietate
1380 3603 1489 3657 nomino
1503 3612 1531 3657 et
1541 3604 1698 3658 nominabo.

312 3689 364 3742 Per
387 3689 441 3742 tria
466 3687 611 3741 semestris
629 3685 735 3740 Klotaii
753 3687 915 3740 societatem
935 3685 1132 3758 philologicam
1154 3689 1329 3758 frequentari
1348 3694 1376 3743 ct
1394 3705 1445 3760 per
1461 3706 1546 3743 unum
1566 3695 1700 3744 semestre

310 3775 398 3827 Curtii
417 3771 663 3828 exercitationibus
688 3772 881 3844 grammaticis
904 3773 1026 3827 interfui.
1063 3771 1194 3827 Omnium
1218 3775 1314 3828 horum
1339 3781 1550 3845 praeceptorum
1577 3791 1698 3829 meorum

309 3860 468 3914 memoriam
487 3859 613 3914 retinebo
631 3860 837 3929 gratissimum.¹
874 3855 1005 3928 Scripsit:
1025 3861 1057 3912 de
1076 3859 1197 3912 Seleucia
1216 3860 1376 3928 Babylonio.
1641 3861 1647 3876 '

379 3943 557 4000 CAROLUS
582 3943 808 4000 LUDOVICUS
834 3943 1013 4008 Gunnbw,
1058 3946 1140 3998 Anno
1164 3944 1248 4014 hujus
1276 3946 1382 4000 saeculi
1407 3943 1536 4012 XXXIV
1564 3945 1699 4001 lliinche-

311 4031 415 4100 bergas
440 4037 520 4101 patre
544 4029 747 4097 horologiorum
772 4029 874 4100 opifice
899 4037 988 4085 matre
1011 4047 1027 4084 e
1051 4037 1136 4101 gente
1154 4029 1329 4084 Ducttmann
1351 4037 1434 4084 natus
1458 4039 1508 4085 est.
1545 4031 1625 4086 Fidei
1645 4033 1696 4086 ad-

311 4117 402 4169 dictus
422 4123 465 4170 est
482 4116 672 4187 evangelicae.
702 4115 772 4170 Cum
790 4117 951 4186 quindecim
970 4110 1056 4170 anuos
1075 4121 1174 4186 ageret
1193 4115 1352 4170 Berolinum
1371 4117 1400 4169 iu
1418 4117 1596 4187 disciplinam
1614 4135 1697 4189 gym-

310 4201 381 4254 nasii
402 4201 580 4270 Leocophaei
594 4201 785 4255 Bellcnuanni
803 4207 862 4256 tum
882 4202 1017 4272 auspiciis
1035 4199 1221 4256 florentissimi
1241 4203 1381 4272 migravit.
1410 4202 1480 4256 Inde
1499 4219 1561 4255 curn
1582 4205 1695 4256 matori-

310 4287 377 4339 tatis
397 4285 554 4341 testimonio
572 4285 703 4340 dimissus
716 4303 790 4341 anuc
805 4285 987 4342 MDCCCLV
1001 4287 1108 4342 civibus
1122 4289 1312 4344 universitatis
1329 4287 1517 4342 Beroliuensis
1536 4289 1693 4360 adscriptus

282 4425 286 4435 ,
309 4379 359 4434 est,
377 4377 409 4424 ut
420 4371 579 4442 theologiae
592 4387 704 4444 operam
717 4377 843 4440 navaret,
857 4373 1019 4443 audivitque
1031 4373 1105 4427 viros
1119 4373 1288 4427 clarissimos
1302 4373 1529 4446 Hengsteuherg,
1543 4374 1697 4436 Lehuerdt,

263 4469 276 4494 ⁹
309 4455 566 4522 Twesteo,Vatlte‚
586 4457 728 4526 Schultae,
748 4457 891 4513 bliehelet.
920 4459 971 4514 Rei
984 4463 1078 4513 autem
1097 4459 1244 4514 familiaris
1263 4460 1403 4532 angustiis
1421 4459 1515 4513 studia
1534 4459 1697 4515 academica
1784 4469 1794 4496 ⁸

309 4543 511 4613 interrumpere
535 4551 647 4598 coactus
671 4543 846 4614 aliquamdiu
871 4545 999 4614 magistri
1022 4545 1126 4614 privati
1151 4561 1265 4600 munere
1286 4545 1399 4600 functus
1425 4551 1475 4600 est.
1512 4545 1575 4600 Mox
1599 4552 1693 4600 annm

311 4633 421 4683 mumto
439 4627 556 4683 consilio
574 4627 735 4684 Berolinum
755 4647 885 4685 reversus
903 4647 952 4700 per
970 4629 1039 4685 duos
1057 4647 1145 4685 sonos
1162 4631 1263 4685 iterum
1283 4630 1397 4696 litteris,
1418 4631 1467 4684 sed
1484 4647 1560 4684 nunc
1578 4632 1697 4684 maxime

310 4713 486 4784 philologieis
505 4715 621 4782 studuit,
643 4716 709 4770 dum
728 4717 916 4788 praeceptoris
935 4733 1049 4772 munere
1067 4718 1097 4770 iu
1116 4716 1213 4771 schola
1232 4715 1417 4786 Wieprechtii
1437 4715 1547 4786 privata
1566 4723 1696 4787 suscepto

308 4799 413 4854 rictum
437 4801 490 4857 sihi
516 4807 604 4869 parat.
651 4801 780 4857 Interfuit
806 4803 909 4858 scholis
932 4803 1052 4858 virorum
1077 4803 1299 4858 doctissimorum
1320 4800 1449 4864 Bocchh,
1475 4803 1582 4872 Haupt,
1608 4801 1696 4873 Bcpp,
