4444 5866
1030 329 1084 382 vn

21 573 22 620 ὲ
117 561 252 635 frustra
276 557 398 634 adhuc
427 567 585 632 versata.
638 551 734 629 Nam
769 555 866 644 ἕλκος
903 557 1083 656 nectabis
1116 557 1241 659 1111161,
1274 555 1414 634 vuhtus
1448 567 1686 630 occaecatum
1719 579 1872 630 caecum
1905 613 1926 650 „
1934 556 2010 630 11111

21 745 22 748 ι
118 704 215 780 blind
237 703 436 805 pcblmdete
471 701 633 776 Wundec
670 702 709 776 id
741 705 879 782 vulnus
911 705 986 784 dici
1014 731 1089 804 quc
1117 705 1202 804 quis
1225 704 1264 778 in
1291 699 1518 782 effodiendis
1541 701 1660 774 oculis
1687 701 1881 795 efficietur,
1909 703 2008 802 equi·

119 851 202 927 dem
236 875 324 926 sane
350 849 451 924 mihi
483 873 689 948 numquam
720 851 970 950 persuadebo.
1022 849 1064 926 Si
1096 849 1187 950 quid
1216 847 1331 954 igituir
1360 849 1401 924 ia
1432 847 1511 924 bac
1540 871 1654 924 versu
1686 847 1908 924 mutandum
1940 859 2009 943 est,

115 999 217 1072 nulla
247 997 405 1072 mutatio
442 967 588 1070 facilior
621 1021 704 1071 esse
730 995 897 1089 videtur,
931 1021 1045 1096 quam
1068 997 1182 1090 haec,
1212 1005 1257 1076 ut
1278 1019 1348 1094 pro
1373 995 1555 1096 affl
1590 996 1797 1072 scribamus
1830 997 2011 1096 τύφλωθιυ
2129 1065 2131 1070 .

21 1197 22 1214 1
115 1145 135 1220 1.
163 1169 193 1222 1.
229 1141 492 1242 ἐκνφλύθιςσκκ.
553 1139 706 1218 Minime
739 1144 873 1243 ignoro
907 1144 1122 1222 breviorem
1152 1142 1285 1222 tertiae
1318 1119 1474 1242 pletr'alis
1504 1167 1690 1244 personae
1721 1142 1882 1218 formam
1909 1145 2010 1243 apud

116 1291 276 1392 tragicos
310 1317 389 1366 non
422 1290 584 1366 inveniri
615 1289 687 1364 nisi
721 1291 838 1365 semel
872 1288 972 1390 apud
1003 1288 1221 1389 Euripidem
1253 1289 1292 1364 in
1318 1291 1446 1366 nuncii
1472 1291 1642 1366 oratione
1667 1289 1819 1390 Hippol.
1846 1318 1881 1366 1.
1911 1293 2007 1366 1236

117 1437 288 1547 ἠςυφθεκ
340 1423 424 1514 'Sed
458 1435 621 1512 vidimus
653 1438 772 1512 multa
805 1433 1034 1536 Sophoclem
1067 1437 1270 1538 singularia
1303 1461 1351 1512 ex
1379 1437 1485 1536 epico
1512 1461 1650 1536 genere
1675 1447 1887 1512 mutuatum
1914 1463 2008 1514 esse.

115 1583 161 1660 Et
190 1609 283 1689 prae
317 1583 455 1660 ceteris
487 1582 561 1658 hoc
593 1583 716 1682 ipsum
752 1606 903 1657 carmen
931 1582 1115 1682 repletum
1143 1595 1201 1658 est
1225 1583 1357 1659 formis
1383 1584 1422 1658 in
1447 1581 1646 1684 tragoedia
1669 1581 1826 1658 minime
1850 1583 2008 1660 usitatis.

115 1731 298 1807 lucrativis
323 1730 525 1828 ταμιεύεσκε
551 1728 603 1828 (1.
631 1727 732 1828 950),
768 1733 921 1808 παύεσκε
947 1728 1055 1828 (964)
1080 1753 1202 1829 pauca
1225 1739 1373 1806 tantum
1400 1727 1501 1829 apud
1525 1729 1757 1832 Aeschylum
1783 1730 1919 1804 similia
1945 1756 2008 1805 ex·

117 1891 230 1973 stant,
270 1873 307 1956 tt
332 1903 367 1952 1.
397 1879 469 1952 969
505 1875 746 1950 Hermennus
778 1875 826 1950 ab
854 1873 990 1951 Atticis
1020 1875 1143 1975 poetis
1169 1876 1333 1950 alienum
1360 1901 1443 1952 esse
1470 1875 1578 1970 dicit,
1612 1875 1659 1951 de
1690 1884 1838 1986 χύςεσσι
1869 1903 1904 1951 v.
1933 1879 2006 1952 976

116 2027 174 2122 (ef.
205 2025 339 2125 1297),
373 2021 474 2123 quod
511 2035 569 2098 est
601 2020 700 2122 apud
733 2022 900 2122 tragicos
934 2021 1183 2117 rarissimum,
1209 2021 1420 2098 Ellendtius
1445 2023 1485 2098 in
1510 2022 1634 2098 lexico
1662 2023 1769 2120 dixit,
1795 2049 1907 2100 versu
1934 2027 2006 2098 977

115 2179 206 2254 aare
232 2171 267 2254 li
291 2129 464 2270 1111611111
495 2171 626 2246 tmesis
652 2171 860 2264 invenitur,
893 2193 1006 2266 quam
1031 2169 1145 2244 iidem
1171 2195 1257 2244 raro
1285 2168 1487 2245 admittunt
1515 2167 1711 2269 (Matthiae
1736 2167 1789 2264 Π,
1816 2197 1851 2270 p.
1882 2173 2006 2270 1399).

116 2320 311 2396 Accedunt
335 2345 370 2394 v.
399 2319 473 2392 945
502 2313 620 2419 δέμας,
645 2341 680 2391 1.
703 2317 775 2390 955
802 2314 942 2418 ζεύχθη
967 2316 1107 2392 omisso
1134 2327 1353 2417 augmento,
1387 2341 1423 2390 v.
1451 2319 1536 2410 956,
1563 2318 1633 2392 961
1661 2318 1849 2426 κερσόμισς,
1874 2342 1910 2392 1.
1933 2321 2004 2392 971

115 2471 308 2575 11111611.
338 2469 410 2542 973
437 2461 566 2572 δέμας,
592 2489 628 2538 1.
656 2463 728 2538 981
755 2461 888 2567 cinai,
914 2489 948 2538 v.
977 2465 1050 2538 984
1076 2487 1205 2538 rursus
1232 2462 1312 2538 sine
1339 2474 1544 2562 augmento
1570 2463 1699 2572 τρύφη,
1728 2465 1779 2540 ib.
1808 2465 2007 2572 θυέλλῃσικ,

117 2612 212 2711 quod
234 2613 274 2687 in
295 2611 488 2688 codicibus
510 2610 602 2686 etin
624 2609 776 2685 scholiis
794 2609 943 2710 legitur.
982 2605 1087 2702 Quae
1107 2598 1235 2682 omnia
1249 2609 1642 2708 reputantibusnobis
1659 2608 1815 2686 dubium
1829 2613 2008 2707 nouerit,

118 2761 200 2858 quin
220 2759 309 2833 huic
331 2757 498 2850 carmini,
526 2755 628 2856 quod
647 2767 769 2832 totum
790 2755 830 2830 in
852 2755 1064 2831 fabularum
1087 2752 1270 2854 exemplis
1290 2765 1472 2848 versetur,
1499 2767 1614 2856 poeta
1632 2755 1799 2832 colorem
1819 2758 2007 2858 quendam

118 2907 262 3006 epicum
301 2903 516 3004 appictums
553 2903 675 2977 fuerit.
734 2900 866 3000 Itaque
900 2927 986 2977 cum
1018 2901 1108 2976 illud
1142 2900 1329 2999 τύφλωθεκ
1361 2889 1412 2976 ab¹
1440 2902 1524 3002 ipso
1555 2915 1691 3003 poetae
1723 2903 1880 2979 consilio
1916 2905 2007 2980 setis

118 3063 334 3128 excusatum
369 3076 451 3126 esse
484 3047 674 3142 videatur,
708 3047 833 3146 placet
863 3057 1060 3146 praeterea
1090 3047 1332 3148 asyndeton,
1355 3044 1457 3144 quod
1483 3071 1569 3120 cum
1596 3071 1642 3122 ea
1661 3047 1741 3146 jam
1768 3061 2008 3147 exponantur

18 3173 19 3178 ¹
118 3221 208 3295 quae
243 3209 355 3272 antea
385 3209 535 3272 tantum
560 3192 726 3269 indicata
752 3204 858 3286 sunt,
891 3203 930 3266 et
954 3217 1110 3292 prorsus
1136 3217 1204 3268 suo
1230 3193 1316 3269 loco
1345 3205 1403 3268 est
1429 3205 1468 3268 et
1492 3218 1631 3293 magna
1656 3219 1740 3268 cum
1767 3197 1805 3269 vi
1832 3196 2006 3273 adhunc

116 3343 239 3420 locum
267 3343 476 3419 adhibetur.
538 3339 704 3416 Similem
744 3351 870 3414 autem
909 3339 948 3413 in
988 3338 1218 3415 collocandis
1255 3339 1383 3416 verbis
1418 3339 1590 3416 ordinem
1626 3339 1834 3441 Sophocles
1868 3368 1903 3417 v.
1932 3347 2004 3418 955

117 3505 265 3568 secutus
300 3501 372 3581 est,
405 3491 443 3563 in
478 3515 551 3588 quo
584 3488 719 3592 ζεύχθη
752 3487 913 3586 primum
954 3485 1131 3586 strophae
1166 3487 1292 3562 locum
1322 3499 1435 3563 tenet
1494 3485 1661 3586 Recepto
1696 3512 1788 3562 vero
1827 3487 2008 3588 ιύφλωθικ

117 3661 235 3734 parve
259 3649 455 3736 praeterea
481 3636 689 3712 mutatione
712 3659 806 3734 opus
827 3645 897 3728 est,
923 3632 1151 3713 6111611111]
1179 3633 1218 3708 in
1237 3659 1350 3708 versu
1370 3633 1583 3730 insequenti
1602 3632 1639 3708 in
1661 3637 1768 3712 κ’λαού
1784 3636 2006 3714 mutandum

18 3801 19 3804 ’
118 3784 200 3878 erit,
234 3782 416 3881 σύφλωθεν
439 3787 546 3860 tecet
577 3739 703 3856 eutem
743 3780 912 3856 similiter
951 3779 1092 3855 dictum
1131 3792 1187 3855 est
1221 3796 1263 3855 ut
1296 3785 1407 3884 μέγαν
1439 3778 1628 3884 autfidius»
1663 3791 1704 3856 et
1735 3783 1838 3880 quod
1868 3810 1903 3858 v.
1932 3777 2002 3858 791

119 3931 279 4006 occurrit
310 3931 354 4009 σύ
386 3941 444 4009 ecl
477 3925 602 4008 δικαίων
640 3923 770 4012 ἀδίκους
809 3931 932 4036 φρένας
971 3929 1171 4036 παρασπᾷς.
1225 3953 1260 4002 1.
1294 3930 1366 4002 975
1407 3953 1492 4003 cum
1531 3925 1691 4036 ι’ςαχθὶκ
1727 3931 1854 4031 ἔγχε’ωκ
1891 3955 2006 4006 sensu

119 4089 261 4170 eareat,
300 4076 339 4150 id
372 4075 474 4176 quod
505 4074 769 4150 Lachmannus
804 4073 1017 4173 proposuit,
1056 4071 1269 4150 Boechhiue
1302 4075 1445 4176 recepit
1477 4075 1694 4184 ἀραχθέντων
1720 4089 1758 4152 et
1782 4078 1955 4192 proxime
1981 4103 2006 4154 a

119 4223 290 4299 codicum
329 4223 512 4322 scriptura
550 4221 684 4295 abesse
724 4233 762 4295 et
798 4221 861 4295 vel
893 4220 943 4294 ob
980 4219 1255 4318 simplicitatem
1288 4219 1495 4298 Hermanni
1533 4222 1688 4299 invento
1729 4198 1856 4331 111119
1878 4225 2004 4326 ἐγχέων

118 4371 405 4465 praeferendum
445 4393 526 4445 esse
560 4367 719 4444 videtur.
780 4366 940 4444 Detivus
971 4369 1103 4455 κύκλοις
1133 4367 1305 4467 proxime
1339 4393 1423 4444 cum
1463 4373 1572 4448 α’λαοί
1609 4371 1894 4472 conjungendus
1936 4385 2003 4450 est

121 4511 256 4593 Totum
281 4519 406 4592 locum
432 4513 519 4589 inde
547 4525 764 4614 corruptum
793 4539 875 4590 esse
903 4495 1214 4608 existimauerim,
1247 4513 1348 4614 quod
1373 4515 1516 4590 librarii
1541 4517 1728 4618 τύφλωθικ
1759 4545 1836 4594 non
1869 4519 2004 4595 intelli·

122 4662 277 4758 gebant3
304 4688 350 4738 eo
378 4661 541 4736 enimin
568 4661 749 4760 τυφλωθίκ
781 4671 926 4736 mutato
960 4673 1094 4736 exorta
1119 4671 1177 4736 est
1202 4661 1411 4738 obscuritas
1438 4663 1633 4762 quaedam,
1660 4691 1755 4766 quae
1782 4666 1894 4740 etiam
1919 4667 2003 4742 reli-

123 4827 194 4902 qna
219 4777 405 4908 corripuit.
457 4806 559 4882 Nihil
584 4809 697 4909 igitur
722 4823 856 4903 restet,
887 4809 959 4884 nisi
985 4820 1027 4883 ut
1051 4809 1266 4884 universam
1293 4810 1486 4910 stropham
1511 4811 1642 4906 talem,
1670 4814 1789 4912 qualis
1815 4811 2004 4913 Sophocle

123 4947 269 5052 dignior
296 4979 376 5030 1111
404 4953 564 5048 videtur,
591 4953 630 5028 in
657 4965 902 5056 conspectum
927 4978 1130 5054 ponamus:

588 5107 686 5210 regei
711 5099 747 5182 lc*
773 5105 917 5182 llvcas‘ca
942 5103 1116 5213 πελαγέων
1141 5096 1277 5201 διδύμας
1302 5105 1387 5190 ύλός

586 5253 691 5330 dcccl
715 5253 895 5359 Βοσπόριαι
921 5243 959 5328 1δ’
984 5251 1002 5327 o‘
1027 5252 1163 5360 Θςμιύι
1186 5247 1298 5352 α”ξικος

586 5395 851 5499 Σαλμυδησσός,
876 5401 911 5476 711
936 5401 1123 5501 ύγχΰκολις
1143 5397 1247 5507 Ἄρης
1271 5395 1410 5479 δισσοῖσι
1436 5395 1593 5486 Φινείδαις
