4444 5866
986 471 1181 490 *—

218 593 332 668 linem
357 599 397 666 et
421 588 555 668 Silium
580 589 613 662 si
638 587 738 664 Nero
772 583 1017 686 imperitaret,
1043 579 1258 660 britannico
1283 597 1500 660 successore
1524 569 1642 676 illam,
1667 583 1815 663 nultum
1840 584 1942 684 prin-

219 727 293 826 oipi
316 725 515 838 maritumi
542 731 580 798 at
607 745 717 822 pares
743 721 882 796 iterum
908 717 1106 796 accusandi
1131 740 1261 794 masas
1287 737 1392 793 esser
1419 719 1605 798 novercae
1630 717 1772 801 insidiis
1788 719 1944 795 domum

220 883 379 938 omnem
399 857 565 934 convelli
589 856 734 932 maiora
758 855 894 956 flagitio
921 855 1085 956 quamsi
1104 853 1376 954 impudicitiam
1389 855 1526 953 prioris
1545 855 1711 958 coniugis
1724 856 1942 934 redonaret.

346 997 392 1062 Da
411 993 605 1078 glossematis
626 991 752 1056 omnino
774 988 960 1056 Doederlino
992 990 1089 1056 Praei.
1119 1006 1147 1072 p.
1169 989 1244 1057 xlii
1273 989 1442 1072 amantior,
1465 996 1519 1056 ant
1546 991 1742 1072 paucissimis
1770 997 1824 1061 aut
1850 991 1945 1065 uultu
2002 1069 2009 1079 ,

222 1115 361 1185 toadatos
379 1129 451 1198 asse
469 1110 720 1179 laritlannuas
742 1115 772 1174 et
785 1107 943 1202 Historias.
985 1107 1199 1189 illaesiones,
1220 1107 1283 1177 alla
1301 1105 1504 1200 boedadinns
1527 1107 1737 1203 detonderunt,
1759 1109 1941 1197 qubusdam

224 1251 280 1322 rgo
301 1236 335 1300 in
356 1232 496 1322 bosipso
519 1226 768 1307 emendationum
786 1225 908 1294 delectu
932 1225 1053 1290 obviam
1075 1227 1132 1310 iri;
1153 1243 1227 1310 pars
1247 1231 1367 1293 cauam
1389 1241 1533 1309 manum,
1552 1244 1631 1310 quaa
1652 1229 1762 1297 leniter
1781 1227 1944 1321 admovea-

225 1359 294 1432 tur,
326 1352 493 1438 etiamnum
518 1346 679 1414 desiderat.

329 1471 428 1546 dnn.
454 1465 539 1542 ΧΠ.
566 1467 629 1542 67.
681 1417 866 1560 Adeoque
899 1467 1033 1536 cuncto
1063 1485 1157 1536 mox
1197 1467 1425 1560 pernotuere
1444 1405 1447 1412 *
1463 1475 1504 1536 ut
1521 1541 1525 1549 ,
1540 1471 1756 1560 temporum
1793 1461 1945 1537 illorum

228 1605 432 1704 scriptores
471 1595 704 1700 prodiderint
736 1593 903 1668 inlusum
936 1593 1146 1670 delectabili
1174 1595 1260 1670 cibo
1286 1596 1499 1677 boletorum
1524 1619 1740 1690 venenum,
1767 1619 1838 1670 neo
1866 1595 1945 1670 vim

229 1736 490 1817 medicaminis
517 1732 643 1808 statim
666 1729 897 1806 intellectam
922 1727 1145 1804 socordiane
1170 1751 1219 1803 au
1246 1727 1388 1802 claudii
1412 1729 1547 1804 diurna
1561 1723 1788 1814 ‚moolentia

356 1868 533 1938 socordiam
555 1867 693 1948 intelligo
716 1865 865 1930 incuriam
888 1865 921 1928 in
941 1863 1077 1946 parando
1099 1877 1217 1926 veneno
1239 1859 1412 1929 admissam.

333 1991 432 2062 Anu.
459 1965 544 2060 xil.
575 1983 638 2058 68.
691 1983 904 2058 Vocabatur
928 1981 1079 2056 interim
1105 1989 1268 2073 senatus,
1296 1987 1459 2078 votaque
1484 1967 1554 2078 pra
1576 1979 1831 2056 incolumitate
1844 1977 1949 2083 prin-

233 2125 329 2225 cipis
361 2123 536 2198 consules
572 2129 611 2194 et
643 2119 859 2194 sacerdotes
880 2117 1168 2226 nuncupabant,
1204 2136 1291 2186 cum
1323 2112 1399 2186 iam
1425 2111 1611 2190 exanimis
1636 2111 1800 2188 vestibus
1827 2121 1865 2186 et
1889 2119 1949 2184 to-

233 2257 369 2336 mentis
396 2257 647 2357 obtegeretur.

333 2389 432 2468 dnn.
459 2390 544 2465 xli.
572 2389 634 2462 69.
687 2387 796 2461 Τιιιιο
826 2383 954 2458 medio
987 2381 1061 2456 diei
1094 2329 1181 2458 ante
1205 2382 1356 2458 tertium
1381 2383 1464 2456 idus
1490 2381 1686 2476 Octobris,
1711 2323 1857 2458 iuribus
1882 2407 1949 2484 pa·

235 2527 313 2607 latii
337 2535 494 2627 repente
519 2521 692 2616 diductis,
719 2517 920 2594 comitante
946 2519 1067 2592 burro
1092 2515 1194 2592 Nero
1221 2515 1419 2616 egreditar.
2003 2523 2007 2528 ·

306 2697 435 2773 Λιιιι.
461 2691 568 2768 thl.
596 2691 657 2761 17.
709 2693 751 2760 ut
781 2685 858 2760 ῖιιιι
889 2707 966 2758 nou
999 2689 1237 2781 praematura
1267 2705 1395 2782 neve
1417 2705 1529 2760 ιιοιι
1554 2702 1659 2756 mors
1681 2645 1801 2760 videri
1826 2695 1950 2783 queat,
2015 2635 2027 2648 .

166 2914 168 2922 ,
237 2829 413 2933 quamvis
443 2827 541 2902 inter
573 2843 679 2898 sacra
711 2839 887 2912 mansae,
921 2839 974 2892 ua
1004 2826 1177 2916 tempore
1212 2817 1368 2916 qiddem
1401 2819 1449 2892 ad
1481 2817 1729 2916 complexism
1759 2819 1948 2898 sororium

238 2968 339 3056 dato,
366 2971 453 3036 anta
478 2957 608 3033 oculos
632 2951 774 3028 inirnici
799 2959 997 3050 properata
1025 2949 1086 3024 sit.

341 3129 435 3204 dnn.
460 3115 567 3200 xiil:
592 3118 656 3196 26.
710 3118 787 3196 Sed
819 3118 996 3192 consules
1023 3106 1247 3193 relationem
1280 3115 1446 3218 incipere
1479 3141 1555 3192 non
1584 3117 1664 3192 ausi
1694 3115 1825 3220 ignaro
1850 3120 1954 3220 prin·
2023 3111 2028 3126 ’

239 3246 323 3368 cipe
348 3259 602 3366 perscripsere
627 3267 755 3330 tamen
782 3275 1009 3327 consensum
1033 3259 1197 3328 senatus.
1248 3251 1387 3327 Ilieon
1408 3252 1827 3328 auotor‘oonstituti'onis
1849 3255 1955 3329 tieret

241 3380 428 3477 consuluit
458 3388 558 3468 inter
589 3411 730 3490 paucos
762 3393 801 3459 et
835 3383 1041 3459 sententiae
1073 3383 1265 3481 diversos,
1308 3387 1529 3487 quibusdam
1569 3385 1743 3462 coalitam
1786 3387 1955 3464 libertate

240 3529 524 3612 irreverentiam
556 3549 603 3599 eo
637 3517 853 3622 prorupisse
888 3515 1157 3614 frementibus,
1191 3531 1231 3595 ut
1263 3519 1376 3620 piene
1409 3545 1531 3620 aequo
1564 3521 1650 3594 crim
1683 3522 1848 3621 patronis
1873 3524 1954 3598 iure

243 3673 411 3786 agerent,
437 3658 661 3776 seutentiam
687 3679 827 3730 eorum
846 3651 1111 3728 conculcarent
1134 3677 1179 3728 ae
1204 3654 1424 3730 verberibus
1450 3679 1583 3730 manus
1609 3655 1858 3786 intenderent,
1883 3658 1956 3732 im-

102 3893 105 3899 ·
242 3821 343 3901 pane
364 3797 445 3870 iera
471 3791 534 3870 vel
559 3767 724 3890 poenam
749 3785 1014 3862 dissuadentes.
1067 3783 1166 3884 Quid
1182 3787 1283 3862 enim
1306 3787 1404 3864 aliud
1422 3789 1526 3863 laeso
1545 3798 1711 3896 patrono
1737 3811 1955 3866 conoessum

244 3955 359 4034 quam
390 3940 432 4004 ut
464 3923 763 4002 ducentesimum
795 3921 892 3994 ultra
924 3919 1136 4019 lapidem'
1123 3947 1162 3994 ιιι
1195 3943 1301 3994 oram
1326 3919 1552 4020 Campaniae
1586 3921 1760 3996 libertum
1785 3921 1954 4024 releget?

184 4076 187 4084 '
245 4067 397 4143 Ceteras
422 4059 587 4137 actiones
612 4054 818 4154 promiscas
844 4063 882 4127 et
906 4075 1017 4152 pares
1044 4075 1138 4128 esse

370 4194 405 4265 ln
426 4191 590 4262 levioribus
612 4189 702 4254 r'ebos
723 4189 852 4254 terassa
872 4187 983 4271 ιιιιιί;
1010 4203 1088 4270 quae
1097 4193 1145 4252 nt
1164 4185 1399 4254 emendarentur
1418 4187 1581 4268 plurinum
1600 4189 1764 4274 laterem,
1790 4171 1829 4261 ea
1850 4203 1956 4262 sanata

244 4335 315 4388 sose
333 4324 364 4382 et
385 4315 463 4384 talio
485 4311 581 4378 urob
601 4317 631 4374 et
651 4308 844 4390 subsequens
865 4308 1002 4372 namatio
1032 4313 1154 4372 otmaro
1178 4308 1369 4388 compactio
1395 4305 1456 4370 loci
1477 4307 1625 4374 similini
1645 4309 1725 4376 buu.
1742 4309 1816 4378 llll.
1836 4313 1890 4378 sc.-
1909 4315 1958 4387 Aa

237 4435 380 4502 morales
397 4427 550 4516 perflm
569 4426 866 4492 demam-arsacias
885 4445 945 4488 scu
966 4423 1038 4504 cusi,
1053 4422 1095 4486 de
1115 4443 1258 4486 comosa
1277 4421 1427 4506 amipsere
1450 4420 1590 4488 creat.
1632 4423 1796 4492 meister
1811 4430 1957 4514 pudorem

246 4554 378 4620 stiram
396 4557 560 4614 matra.
570 4556 722 4634 postretso
743 4541 900 4625 reemdpss‘t
921 4553 980 4607 rte.
1028 4541 1132 4607 Verbis
1156 4540 1237 4602 isaer
1260 4560 1377 4624 puros
1404 4551 1435 4606 ri
1462 4539 1633 4608 amentiae
1659 4543 1794 4610 avesa
1808 4547 1956 4617 ‘adbiberi

247 4680 348 4758 polest
369 4673 447 4736 dnn.
468 4667 516 4732 111.
540 4663 589 4728 10.
612 4657 708 4744 igitar
728 4655 1058 4744 pcsrct'ojumils'un'um
1078 4655 1226 4720 adhibitio
1246 4655 1344 4718 ιιιίιαι
1364 4653 1570 4721 armarium
1592 4671 1622 4722 et
1641 4657 1716 4746 trisse
1730 4679 1837 4750 preces
1849 4665 1957 4744 'credit

248 4793 456 4874 ducamque
477 4807 601 4852 curuum
622 4781 667 4845 cd
686 4791 821 4845 senatum
841 4777 980 4842 remittit.
1002 4775 1154 4844 vocabulo
1173 4774 1269 4858 puttct‘
1291 4775 1382 4840 iidem
1405 4775 1570 4860 significari
1587 4777 1959 4866 vidantul‚t1lldspuucos

246 4905 454 4993 salsitatem
474 4903 597 4972 'tacitos
618 4899 687 4967 loco
708 4897 801 4965 modo
824 4897 917 4964 allato
940 4899 969 4960 et
996 4897 1074 4961 inu.
1099 4893 1169 4960 llll.
1193 4893 1241 4958 ta.
1265 4891 1348 4958 dixit.
1393 4891 1496 4961 Etiam
1522 4900 1555 4963 in
1582 4897 1713 4982 s'ngrlls
1744 4895 1844 4967 verbis
1865 4907 1960 4969 vosti-
