4532 5882
1158 553 1217 642 tt

406 799 516 878 quam
541 771 661 849 forma
693 776 733 845 in
756 794 987 873 unoquoque
1013 782 1180 842 accurate
1206 765 1467 870 perscrutanda
1493 783 1567 861 est,
1602 770 1817 873 priusquam
1843 767 1890 846 de
1917 774 1990 848 sin·

404 897 575 1001 gulorum
601 899 640 971 in
667 897 941 972 enumeratione
974 891 1060 968 loco
1093 889 1296 996 quidquam
1323 907 1519 986 statuatur,
1553 919 1613 968 me
1645 917 1725 969 non
1756 898 1806 970 ita
1836 895 1992 998 intelligi

402 1022 505 1116 volo,
536 1025 641 1125 quasi
665 1047 729 1096 sua
756 1023 934 1120 cuiusque
960 1017 1081 1090 suffixi
1106 1041 1176 1120 per
1206 1041 1245 1090 se
1262 1019 1376 1118 positi
1392 1019 1499 1092 notio
1518 1013 1707 1120 quondam
1725 1018 1853 1114 luerit3
1881 1019 1991 1098 valde

403 1145 588 1220 lubricum
615 1149 713 1246 enim
739 1158 794 1217 est
820 1140 866 1215 de
894 1139 1073 1216 eiusmodi
1099 1139 1240 1218 voculis
1258 1137 1447 1234 iudicium,
1478 1156 1516 1214 et
1533 1167 1755 1244 quamquam
1772 1147 1896 1245 negari
1913 1169 1991 1220 non

402 1285 528 1374 potest
560 1267 773 1344 derivativas
806 1263 980 1368 quasdam
1013 1267 1291 1340 terminationes
1322 1291 1368 1339 ex
1398 1267 1547 1367 integris
1573 1266 1761 1341 vocabulis
1788 1283 1886 1342 ortas
1913 1293 1992 1343 esse

404 1388 500 1494 (sidae
524 1418 569 1468 ex
594 1387 692 1483 eidos,
721 1390 827 1494 plura
853 1393 892 1468 in
916 1391 1040 1492 lingua
1067 1386 1250 1466 Sanscrita
1265 1388 1350 1489 ¹⁰¹),
1388 1392 1665 1518 ira-nominibus
1692 1415 1737 1464 ex
1761 1389 1885 1466 radice
1915 1391 1989 1467 lae·

402 1520 449 1593 tis
481 1517 554 1592 tale
586 1513 676 1620 quid
703 1495 838 1588 lactum
865 1539 942 1588 esse
969 1511 1100 1588 dubito
1117 1513 1195 1612 102).
1252 1511 1452 1628 Quaeritur
1476 1530 1612 1608 autem,
1642 1539 1784 1607 annon,
1822 1515 1992 1592 collectis

404 1670 498 1748 quae
538 1665 689 1782 quoque
728 1637 860 1712 suffixo
892 1639 1136 1712 terminantur
1167 1623 1400 1754 nominibus,
1446 1637 1661 1740 significatio
1701 1635 1824 1742 aliqua
1862 1643 1991 1757 primi·

401 1772 476 1844 tiva
501 1765 657 1841 inveniri
682 1765 818 1867 possit,
861 1764 926 1835 abs
967 1787 1039 1866 qua
1073 1763 1165 1835 orsis
1199 1766 1410 1839 universum
1443 1759 1564 1836 suffixi
1596 1775 1703 1837 usum
1736 1761 1946 1840 similiter
1935 1791 1991 1841 rn-

400 1889 567 1992 telligere
592 1887 713 1980 liceat,
743 1903 854 1989 atque
880 1883 1012 1959 radicis
1036 1911 1144 1959 usum
1170 1912 1215 1960 ex
1240 1886 1407 2005 simplice
1433 1889 1586 1962 notione
1613 1884 1659 1961 ad
1685 1913 1852 2010 magnam
1875 1893 1991 1965 varie·

400 2030 513 2089 tatem
545 2009 737 2088 deductae.
784 2011 927 2112 Atque
951 2025 994 2084 ut
1024 1997 1190 2084 radicum
1221 2009 1406 2131 analogia
1415 2009 1563 2086 diutius
1558 2029 1754 2135 utamur,
1780 2037 1859 2104 eas,
1898 2037 1999 2116 quae,

401 2137 512 2242 vulgo
539 2137 720 2211 abstracte
746 2149 989 2236 usurpantur,
1024 2117 1119 2209 sere
1128 2128 1180 2209 ad
1207 2139 1318 2237 uia'gis
1345 2118 1600 2236 concretam,
1616 2121 1786 2240 quaeque
1813 2137 1882 2210 sub
1909 2161 1991 2212 sen-

401 2287 461 2336 sus
488 2239 614 2353 cadat,
652 2257 955 2378 significationem
978 2247 1161 2334 redu‘ci
1141 2252 1259 2380 posse
1274 2243 1464 2336 videmus.
1523 2243 1671 2336 Cuius
1669 2264 1724 2334 rei
1738 2241 1848 2335 satis
1882 2270 1992 2336 notae

402 2383 595 2529 exempla,
616 2383 745 2488 qualia
768 2400 852 2459 sunt
878 2371 1102 2467 ἐπίστασθαι,
1130 2379 1286 2467 συνιέναι]
1312 2364 1433 2457 εἰδέναι
1439 2383 1524 2482 ¹⁰³),
1553 2345 1764 2477 versteleri,
1789 2371 1993 2528 begreiseqi

400 2513 462 2584 vix
488 2516 569 2584 est
578 2536 644 2581 cur
675 2504 840 2600 afse'ram.
894 2507 1112 2610 Explicatur
1128 2493 1214 2582 'hdc
1246 2493 1378 2600 inde,
1389 2495 1546 2609 quodw
1518 2534 1571 2581 ιιι
1564 2492 1744 2614 'linguae'
1754 2499 1992 2610 generatione

401 2659 528 2709 sensus
559 2633 671 2734 magis
704 2643 814 2750 quam
840 2635 934 2706 ratio
961 2631 1148 2706 valuerit·
1158 2615 1260 2705 'ssu
1243 2629 1327 2704 ilisa
1359 2638 1481 2706 autem
1514 2621 1713 2738 nominalis
1746 2644 1860 2733 quum
1893 2619 1992 2707 baud

401 2755 515 2832 dubie
546 2781 592 2828 ex
631 2755 886 2874 antiquissimo
912 2769 1087 2858 tempore
1123 2748 1275 2856 linguae
1305 2748 1546 2847 inhaeserint,
1587 2779 1716 2872 eorum
1756 2766 1908 2902 qnoque
1949 2781 1992 2832 ea

402 2903 496 2984 quae
522 2877 633 2990 vulgo
660 2879 848 2952 abstracte
867 2877 1105 2999 usurpentur,
1132 2904 1152 2952 a
1178 2871 1350 2970 conc'reta
1376 2881 1530 2954 notione
1556 2865 1744 2998 incepisse
1760 2879 1832 2974 iam
1855 2891 1927 2983 'per
1953 2905 1991 2956 se

399 2999 596 3106 probabile
631 3017 698 3075 est.
760 2985 874 3096 Quod
907 2987 1138 3118 perquisitis
1150 2987 1286 3104 lingriis
1319 3019 1460 3078 certum
1489 3001 1545 3078 fit.
1607 2987 1785 3117 Atque
1774 3031 1814 3077 ιιι
1849 2992 1992 3081 Graeca

399 3129 555 3200 maxime
581 3124 726 3198 nullum
750 3121 916 3198 videmus
941 3111 1306 3199 suffixum-'eorum
1333 3131 1450 3218 c'er'te,
1481 3139 1574 3240 quae
1599 3127 1694 3228 ipsis·
1707 3115 1890 3202 radicibus
1911 3113 2000 3204 alli·

399 3265 592 3354 guntur-
553 3247 689 3322 s-ola
714 3247 893 3321 abstracta
919 3251 1073 3321 notione
1090 3253 1271 3364 usurpari.
1307 3243 1428 3340 Immo
1455 3263 1665 3397 comparata
1684 3259 1882 3358 praecipue
1898 3253 1989 3330 Sana

456 3563 511 3644 ¹⁰¹)
554 3563 633 3628 velut
651 3567 801 3642 gesara
827 3570 956 3640 hulpa,
981 3562 1019 3624 εἰ.
1038 3563 1164 3644 'Boppii
1172 3563 1301 3640 inituim
1320 3563 1495 3648 syllabarum
1517 3567 1741 3644 derivativum
1763 3571 1988 3654 (rodatico)

399 3667 525 3730 Notiora
544 3677 612 3726 sunt
633 3663 807 3726 Germanica
827 3671 900 3740 host,
922 3671 986 3731 bar,
1006 3671 1063 3724 (ιιι
1084 3676 1173 3737 etc.¹
1222 3733 1224 3740 ,
1288 3725 1291 3736 ,
1320 3727 1324 3735 ,
1430 3695 1434 3719 ι
1572 3701 1575 3711 ·

455 3763 510 3846 ¹⁰²)
551 3765 682 3850 Boppius
703 3786 738 3825 ex
758 3763 964 3846 pronominum
984 3761 1121 3846 stirpibus
1141 3765 1238 3826 suffixa
1259 3751 1414 3829 nominalis
1436 3782 1500 3837 orta
1521 3755 1582 3834 esse
1605 3771 1725 3835 docet
1715 3795 1746 3834 ιιι
1767 3773 1879 3851 libello,
1901 3795 1987 3856 quem
2055 3801 2073 3840 ¹.

398 3867 529 3949 scripsit.
565 3861 667 3925 Ueber
694 3863 752 3924 den
773 3865 896 3924 Einfluss
923 3849 977 3924 dei
996 3859 1174 3926 Pronomin'a
1194 3865 1246 3926 aui
1262 3865 1309 3928 die
1330 3857 1558 3958 Wortbildung.
1601 3868 1811 3958 (Abbandlung
1836 3875 1889 3936 der
1908 3873 1986 3935 aas·

400 3965 495 4031 dente
510 3963 617 4042 1832.)
651 3963 748 4044 Atque
769 3972 905 4045 apparet,
919 3966 1076 4026 eromuino
1096 3951 1194 4026 suffiri
1215 3987 1280 4028 emn
1300 3968 1436 4051 stirpibus
1457 3973 1608 4050 coaluisse,
1629 3995 1689 4036 non
1710 3995 1744 4036 es
1765 3973 1809 4035 bis
1823 3974 1903 4054 quati
1917 3992 1987 4060 ger-

398 4069 533 4132 ιιιιιιιιιι
545 4064 706 4140 statuimus,
739 4063 828 4148 louge
852 4064 1089 4136 reri-simillium
1118 4087 1179 4130 esse
1206 4090 1233 4130 v
1260 4068 1303 4130 itt
1330 4071 1482 4136 rationem
1512 4103 1553 4120 ·-·
1579 4073 1616 4136 Iu
1642 4093 1745 4154 quam
1753 4074 1912 4138 sccundus
1939 4076 1986 4136 in-

400 4169 519 4252 quirere
540 4185 601 4226 non
623 4175 666 4225 est
686 4160 767 4226 huius
789 4163 865 4240 loci,
893 4187 981 4246 quum
1002 4157 1172 4259 praesertim
1194 4189 1267 4250 quae
1287 4191 1342 4234 nos
1364 4171 1401 4232 de
1421 4173 1569 4257 primitiva
1589 4173 1754 4236 suffixorum
1774 4174 1986 4260 significatione

399 4269 527 4349 dicemus
553 4265 599 4324 illi
625 4264 783 4326 sententiae
810 4264 928 4326 minium
950 4279 1122 4351 repugnent
1156 4267 1269 4331 Pettius
1290 4271 1315 4333 si
1337 4272 1487 4356 complura
1507 4273 1604 4334 suffixa
1625 4295 1642 4335 e
1663 4274 1820 4338 verborum
1842 4277 1985 4340 radicibus

399 4367 521 4440 derivat,
543 4377 573 4426 et
593 4365 641 4426 vel
661 4381 698 4431 tr
719 4365 758 4424 ita
780 4365 911 4448 dissecat,
932 4379 965 4428 ιιι
984 4367 1015 4427 in
1035 4391 1061 4451 ,r
1073 4368 1169 4454 vocali
1183 4370 1312 4432 radicem
1331 4395 1357 4444 ,r
1378 4368 1450 4451 (ire)
1473 4373 1563 4435 latere
1585 4385 1677 4455 putet,
1692 4375 1723 4436 iu
1744 4375 1801 4439 boe
1823 4376 1918 4440 fateor
1937 4397 1984 4440 rue
2111 4392 2119 4419 ‘

398 4467 424 4530 ι.
447 4467 485 4528 cl.
506 4465 637 4528 assentiri
657 4485 718 4525 uon
739 4487 824 4547 posse
846 4466 898 4546 (cf.
919 4467 954 4526 E.
968 4467 1003 4528 F.
1014 4469 1065 4546 11,
1086 4469 1187 4548 459.);
1209 4472 1343 4554 etmagis
1363 4471 1434 4532 mibi
1455 4472 1584 4536 arridere
1607 4473 1687 4536 Gnil.
1703 4497 1719 4540 ι
1734 4477 1897 4542 Rumboldt
1915 4497 1982 4540 seo-

395 4567 532 4630 tentiam=
552 4565 654 4628 Dureh
676 4565 723 4628 die
744 4567 993 4632 uuerforsebliclre
1014 4569 1264 4654 Sstbauaagteit
1284 4570 1339 4632 der
1358 4572 1488 4654 Spraehe
1509 4573 1637 4638 brechen
1660 4575 1712 4641 die
1726 4577 1837 4644 sotto
1858 4601 1907 4644 aas
1928 4577 1984 4642 dtr

396 4665 527 4730 Wurzel
547 4665 656 4730 herror
674 4667 734 4728 und
756 4668 817 4729 dies
838 4668 989 4753 geschieht
1008 4693 1042 4736 so
1063 4671 1148 4754 lange
1168 4671 1228 4732 und
1248 4671 1279 4732 in
1298 4693 1333 4734 so
1354 4674 1442 4752 weit,
1470 4674 1510 4736 als
1538 4675 1587 4740 das
1616 4675 1833 4762 acbijpl'erische
1853 4680 1981 4745 vermu-

396 4789 454 4853 gen
476 4767 530 4829 der
550 4767 678 4848 Spraebe
700 4767 851 4830 amreicht.
895 4770 1074 4849 (Einleits.
1095 4769 1240 4852 Kawispr.
1262 4769 1394 4852 12..ch
1416 4775 1475 4854 sq.)

455 4863 511 4947 ¹⁰³)
554 4865 590 4928 de
613 4890 671 4948 quo
692 4867 794 4930 Pottio
816 4867 968 4946 assentior,
990 4869 1086 4949 quir
1062 4860 1126 4928 οἶδα
1148 4883 1178 4932 et
1198 4869 1312 4932 Sauscr.
1334 4879 1428 4932 vada
1450 4887 1530 4938 recte
1552 4899 1616 4938 enm
1638 4885 1801 4938 aindoma·
1819 4877 1981 4964 coniungit,

396 4968 458 5048 (Ε.
467 4967 536 5029 r.1.
559 4961 671 5050 p..25)'
697 4969 744 5030 coi
775 4971 865 5054 magis
897 4982 1037 5034 cosmeta
1068 4966 1235 5034 inveniendi
1266 4973 1351 5035 notio
1383 4989 1448 5037 ιιι.
1484 4971 1627 5041 Similiter
1659 4980 1837 5042 recentiores
1870 4973 1980 5044 Graeci
2105 4967 2112 4986 ’

395 5061 500 5156 ἕξινρω
522 5091 623 5151 pror
601 5059 664 5129 sidu
690 5083 835 5152 usurpant.
1450 5103 1455 5118 ν
