4444 5866
116 1597 177 1728 P
177 1657 333 1730 roximo
359 1681 489 1730 mense
516 1653 675 1730 Octobri
703 1681 787 1730 cum
813 1657 997 1758 philologi
1022 1657 1257 1750 Germaniae,
1282 1659 1471 1756 prioribus
1498 1660 1605 1734 annis
1631 1661 1670 1734 in
1690 1661 1926 1736 meridionali
1947 1665 2013 1738 vel

116 1804 252 1878 media
276 1813 383 1901 parte
409 1802 619 1876 communis
644 1801 790 1900 patriae
811 1805 1013 1878 convenire
1033 1805 1144 1896 soliti,
1172 1806 1346 1880 omnibus
1372 1803 1435 1903 qui
1460 1807 1500 1880 in
1525 1807 1584 1882 his
1610 1808 1826 1907 regionibus
1853 1809 2011 1905 antiqui-

115 1951 206 2024 tatis
236 1948 362 2024 studia
386 1949 516 2022 colunt
541 1948 846 2040 acclamantibus,
873 1949 952 2023 lere
978 1947 1027 2023 ad
1053 1950 1148 2024 fines
1174 1949 1368 2026 Holsatiae
1395 1953 1659 2046 accessissent,
1687 1979 1757 2052 ego
1786 1979 1933 2051 quoque
1960 1953 2011 2028 ad

22 2139 23 2174 t
116 2096 273 2170 illorum
305 2097 451 2170 dierum
483 2093 755 2192 disputationes
788 2094 1059 2192 aliquantulum
1092 2098 1330 2172 contribuere
1363 2109 1520 2172 conatus
1546 2123 1639 2172 sum.
1691 2097 1740 2172 Et
1765 2099 1943 2196 quoniam
1968 2098 2010 2174 in

117 2267 344 2341 graecorum
376 2243 653 2338 latinorumque
685 2241 888 2315 verborum
921 2242 1128 2338 originibus
1159 2241 1382 2342 indagandis
1408 2245 1604 2338 versabar,
1642 2271 1712 2320 nec
1740 2245 1787 2319 eb
1813 2247 1878 2320 illa
1903 2271 2010 2320 occa-

118 2389 226 2464 sione
259 2413 330 2462 nec
364 2414 388 2461 a
421 2387 553 2462 studiis
579 2387 675 2460 meis
702 2386 866 2460 alienum
891 2387 973 2459 fore
1000 2387 1229 2481 existimavi,
1265 2389 1297 2462 si
1323 2389 1370 2464 de
1398 2417 1444 2466 ea
1470 2417 1564 2490 quae
1591 2393 1691 2466 inter
1715 2403 1912 2490 utramque
1938 2392 2009 2466 lin·

118 2563 233 2636 guam
261 2536 510 2612 intercederet
534 2536 681 2610 ratione
708 2535 797 2634 quid
824 2533 1063 2608 statuendum
1083 2530 1284 2626 videretur,
1313 2535 1537 2612 adumbrare
1566 2539 1686 2638 magis
1707 2549 1818 2636 atque
1840 2538 2008 2614 indicere

119 2707 233 2780 quam
275 2685 462 2783 explicare
502 2681 703 2756 studerem.
762 2679 885 2770 Quam
917 2681 966 2754 ad
996 2707 1078 2756 rem
1113 2683 1385 2782 explorandam
1420 2683 1515 2758 duae
1548 2686 1640 2760 mihi
1671 2683 1896 2760 videbantur
1922 2685 2008 2759 viae
2120 2753 2123 2762 .

118 2829 308 2906 ineundae
334 2857 429 2922 esse,
455 2831 562 2903 initio
590 2829 772 2920 diversae,
798 2831 838 2903 in
863 2831 939 2904 fine
966 2843 1092 2906 antem
1119 2847 1411 2922 concurrentes;
1439 2834 1601 2932 primum
1628 2833 1728 2905 enim
1753 2831 1793 2905 in
1819 2857 1864 2904 ea
1889 2831 2008 2928 inqui·

120 2977 282 3051 rendum
309 3000 403 3068 esse,
430 3000 524 3072 quae
551 2973 713 3050 Romani
739 3001 789 3048 ex
803 2973 1033 3050 Graecorum
1060 3001 1233 3050 sermone
1255 2978 1335 3074 jem
1363 2979 1514 3054 exculto
1542 2991 1580 3052 et
1605 3003 1672 3076 per
1697 3002 1875 3075 magnum
1903 2977 2009 3051 orbis

117 3133 306 3196 terrarum
325 3123 329 3145 '
350 3122 511 3222 spatium
550 3119 742 3220 divulgato
782 3119 831 3193 ad
869 3145 978 3194 suum
1016 3145 1126 3194 usum
1164 3124 1459 3217 transtulissent,
1508 3123 1643 3199 deinde
1683 3123 1931 3197 difficiliorem
1971 3135 2012 3198 et
2074 3213 2077 3218 ¹

119 3271 342 3368 ampliorem
370 3266 629 3366 quaestionem
654 3269 795 3366 requiri
821 3267 868 3342 de
894 3269 939 3342 iis
966 3267 1092 3342 verbis
1119 3269 1395 3368 verborumque
1422 3269 1553 3344 formis
1580 3259 1676 3367 quae
1698 3269 1843 3366 utrique
1865 3269 2008 3366 populo

120 3439 167 3488 ex
207 3415 418 3514 antiquiore
457 3415 522 3488 illo
561 3426 732 3514 tempore
765 3415 979 3490 communia
1013 3427 1158 3508 essent,
1199 3441 1278 3515 quo
1309 3414 1541 3493 Graecorum
1574 3429 1613 3491 et
1638 3415 1817 3491 Italorum
1844 3415 2008 3512 majores

118 3561 217 3638 inter
252 3589 292 3638 se
326 3561 497 3636 nondum
532 3559 684 3638 discreti
715 3587 829 3638 unam
856 3576 1006 3662 gentem
1035 3563 1228 3685 elficerent
1254 3589 1276 3636 e
1302 3564 1435 3640 ceteris
1461 3563 1637 3662 gentibus
1663 3562 1710 3637 ab
1739 3559 1870 3635 eadem
1896 3559 2008 3634 Indo-

22 3697 23 3720 ¹
119 3733 386 3807 germanorum
423 3711 536 3810 stirpe
573 3709 741 3784 oriundis
768 3709 848 3807 jam
880 3723 1101 3808 separatam.
1161 3707 1291 3808 ltaque
1324 3735 1409 3786 cum
1439 3709 1504 3784 illa
1537 3707 1686 3786 dicendi
1720 3708 1917 3781 occasione
1953 3707 2007 3781 sic

120 3858 303 3932 utendum
337 3871 548 3958 putassem,
586 3869 629 3930 ut
661 3855 701 3931 in
733 3857 870 3932 verbis·
889 3857 1040 3955 linguae
1065 3857 1204 3932 latinae
1231 3859 1374 3956 graecis
1401 3880 1674 3948 commorarer,
1713 3829 1785 3927 hoc
1810 3851 2007 3951 praefandi

121 4026 279 4079 munere
305 4005 358 4078 ita
382 4005 578 4080 functurus
604 4003 675 4095 lui,
706 4014 749 4076 ut
782 4002 829 4077 de
861 4002 1084 4101 quibusdam
1115 4003 1310 4077 vocabulis
1340 4004 1380 4078 in
1414 4016 1572 4102 utroque
1604 4025 1776 4076 sermone
1803 3999 2009 4096 antiquitus

120 4151 268 4226 usitatis
295 4176 456 4250 agerem,
483 4149 581 4224 inter
607 4173 702 4247 quae
730 4150 849 4248 qualis
875 4151 970 4226 ratio
999 4161 1108 4242 esset,
1134 4148 1304 4224 nondum
1330 4151 1420 4225 satis
1448 4150 1674 4249 explicatum
1702 4173 1784 4222 esse
1804 4145 2007 4220 videretur.

279 4297 314 4369 A
353 4293 452 4370 Jove
492 4297 724 4395 principium.
790 4295 904 4394 Cujus
944 4294 1005 4370 dei
1042 4321 1182 4370 nomen
1221 4297 1378 4372 latinum
1417 4297 1608 4395 quomodo
1648 4321 1734 4370 cum
1772 4291 2005 4368 Graecorum

121 4445 213 4545 Ζιύς,
240 4441 419 4517 Indorum
437 4439 588 4548 Djaue,
608 4441 808 4518 Persarum
830 4453 911 4521 Δίαν
932 4445 1002 4542 (τὸν
1022 4447 1149 4552 odeat&
1170 4447 1300 4552 Πέρσαι
1321 4445 1513 4546 Hesych.),
1540 4442 1814 4519 Germanorum
1833 4454 2004 4514 veterum

122 4587 189 4663 Zio
217 4601 409 4689 congruat,
436 4589 732 4688 postBoppinm,
759 4587 992 4676 Grimmium,
1020 4592 1113 4665 alios
1140 4615 1217 4665 non
1245 4605 1303 4667 est
1328 4591 1430 4690 quod
1455 4589 1622 4664 doceam.
1662 4587 1737 4660 Sed
1758 4587 1857 4660 idem
1879 4589 2004 4660 inesse

122 4733 271 4810 videtur
297 4738 335 4810 in
363 4763 407 4810 eo
436 4727 536 4833 quod
562 4736 721 4835 legimus
748 4737 847 4837 apud
872 4735 1128 4836 Hesychium:
1168 4741 1372 4845 Διιπιίτυςος
1391 4739 1470 4824 θιδς
1490 4737 1586 4846 nagal
1608 4742 1828 4834 Στυμφαίοις,
1854 4733 1955 4830 quod
1982 4758 2007 4806 a

107 4882 345 4977 'quibusdam
371 4881 634 4983 Hesychianae
661 4885 772 4960 molis
800 4885 1005 4959 editoribus
1030 4897 1108 4958 tarn
1134 4913 1267 4985 parum
1291 4887 1524 4961 intellectum
1552 4897 1626 4975 est,
1654 4896 1695 4956 ut
1721 4907 1794 4980 pro·
1816 4881 1893 4960 θιόι
1917 4880 2006 4958 θεῖοι

125 5029 362 5104 scribendum
389 5041 426 5104 et
447 5041 620 5129 patruum
642 5031 925 5131 intelligendum
947 5059 1029 5108 esse
1051 5035 1304 5131 opinarentur.
1343 5030 1497 5124 Verum,
1524 5030 1597 5104 nisi
1623 5027 1749 5102 omnia
1774 5053 1833 5100 me
1860 5026 2005 5120 fallunt,

124 5167 342 5275 Stymphaei
368 5175 421 5248 illi
447 5177 626 5276 epirotici,
655 5203 748 5276 quos
776 5181 886 5254 etiam
907 5179 1147 5280 Tymphacos
1173 5179 1294 5254 dictos
1321 5205 1403 5254 esse
1431 5189 1589 5269 constat,
1615 5177 1816 5283 Διιπιίτυςιι
1842 5173 2007 5248 eundem

1583 5325 1636 5398 1*
1757 5347 1762 5356 ·
