4520 5896
852 684 1005 690 .,-.-,.-
1061 651 1105 721 19
1161 685 1271 690 --ss
1284 685 1312 690 -.

389 850 452 902 dem
478 847 606 902 Studium
632 851 682 904 der
705 849 878 904 Geschichte
904 849 1033 904 widmete
1067 849 1124 902 und
1149 851 1193 904 dia
1219 847 1358 920 Vortriga
1387 848 1438 902 der
1463 847 1571 902 Horren
1597 849 1775 904 Professores

389 933 454 988 DD.
472 933 599 1003 Boepall,
617 937 792 1001 Juulrmann,
812 935 976 1002 Naaman,
995 933 1124 999 Braniss,
1143 933 1296 1004 Cybulshi,
1316 933 1424 1000 Haase,
1442 932 1588 988 Rossbach
1613 933 1671 987 und
1689 933 1776 986 Hertz

392 1019 538 1094 beauchte.
565 1019 607 1073 Zu
617 1017 717 1074 Ostern
731 1021 797 1074 1867
810 1019 905 1092 begab
923 1019 969 1072 ich
988 1018 1063 1072 mich
1082 1020 1155 1074 nach
1170 1019 1266 1074 Berlin
1284 1019 1342 1073 und
1355 1019 1436 1073 horte
1448 1019 1511 1073 dort
1523 1019 1568 1072 die
1578 1018 1776 1089 Vorleanngsn

389 1103 538 1176 folgender
556 1105 666 1160 Hersen
689 1105 883 1159 Professorcn:
908 1103 1054 1172 Althaus,
1073 1104 1204 1170 Hiihner,
1232 1105 1376 1175 Droyscn,
1401 1103 1531 1170 Koeplsa,
1554 1101 1687 1171 Lepsios,
1712 1103 1777 1158 Kie-

389 1196 464 1259 psrt,
490 1188 567 1246 Jsffc
586 1190 641 1244 und
660 1205 685 1243 v,
704 1188 813 1244 Ranlre.
850 1189 937 1244 Allan
959 1190 1056 1244 diesen
1074 1189 1166 1244 Herru
1184 1189 1376 1256 Professoren,
1399 1187 1599 1242 iusbesondcra
1621 1188 1689 1242 aher
1713 1189 1774 1244 dam

391 1273 485 1330 Hsrrn
509 1275 651 1330 Professor
674 1274 723 1328 Dr.
748 1273 894 1345 Droyscn,
918 1274 1039 1328 welchor
1062 1274 1136 1328 mich
1161 1293 1196 1328 zu
1220 1276 1275 1331 deu
1292 1275 1452 1345 Uebungen
1475 1272 1566 1326 seinsr
1591 1273 1776 1328 historischen

392 1358 584 1416 Gcaellschalt
605 1359 773 1430 nugclasaen
791 1363 854 1423 hat,
879 1376 948 1431 saga
971 1359 1018 1414 ich
1041 1359 1153 1414 hiarmit
1175 1363 1285 1418 melnen
1308 1363 1408 1416 beaten
1430 1358 1530 1412 Danlr!
1568 1357 1696 1412 Libellus
1715 1359 1777 1429 ejus

390 1447 543 1516 inscriptus
562 1453 603 1501 est
626 1445 683 1500 Des·
701 1446 814 1513 Confliot
833 1449 879 1499 des
897 1447 1002 1514 Kdns'yc
1019 1446 1175 1514 Sipismand
1188 1448 1226 1500 II.
1252 1447 1331 1500 Wosc
1349 1448 1395 1499 mit
1415 1447 1465 1498 den
1480 1444 1635 1513 poinisclsen
1657 1445 1776 1498 Stdndcu

391 1534 449 1584 und
467 1534 515 1585 der
533 1533 841 1602 Inquisitionsreiclsstoc
859 1547 916 1584 som
935 1537 958 1584 ⁷.
976 1533 1126 1602 September
1148 1539 1220 1587 tota.

460 1617 657 1674 HENRICUS
674 1617 877 1673 ROMUNDT.
914 1617 1015 1673 ‘Natus
1038 1636 1099 1672 sum
1118 1619 1252 1690 Frihnrgi
1276 1619 1524 1674 Hanoveranorum
1550 1616 1684 1687 oppidulo
1706 1634 1731 1671 a.
1751 1618 1776 1670 d.

393 1701 621 1758 MDCCCXLVI
634 1703 760 1758 ilenrico
772 1703 943 1758 Romundtio
961 1709 990 1758 et
1002 1700 1107 1758 Gesina
1124 1705 1290 1773 parentibus
1305 1704 1426 1774 optimis,
1445 1703 1548 1774 quibus
1566 1701 1702 1756 ambobus
1716 1701 1777 1770 jam

393 1787 442 1840 din
460 1787 575 1842 orbatas
595 1806 665 1844 sum.
700 1789 781 1842 Fidei
799 1788 930 1842 addictus
950 1806 1011 1842 aum
1030 1789 1219 1860 evangelicae.
1255 1789 1429 1844 Litterarum
1455 1790 1594 1844 elementa
1613 1788 1711 1842 doctus
1733 1805 1777 1842 ar·

393 1871 470 1926 tibus
489 1873 654 1928 liberalibus
672 1874 827 1928 instructus
851 1891 913 1928 sum
938 1890 956 1928 a
974 1876 1115 1946 gymnasii
1135 1874 1280 1930 stadensis
1298 1874 1372 1945 qood
1398 1881 1440 1930 cst
1458 1875 1548 1944 patrio
1566 1873 1699 1942 oppidulo
1717 1891 1777 1944 pro·

395 1957 500 2012 ximum
518 1958 756 2028 praeceptoribus,
775 1973 791 2012 e
809 1958 912 2028 quibus
930 1959 1021 2013 Plasii
1040 1966 1067 2014 et
1079 1960 1192 2014 Krausii
1209 1977 1285 2014 nunc
1303 1959 1512 2014 Roatoohiensis
1532 1957 1699 2026 disciplinae
1716 1976 1776 2028 per·

392 2042 482 2096 multa
508 2059 553 2098 me
577 2043 680 2100 debere
704 2041 849 2114 profiteor,
880 2061 999 2114 quorum
1022 2044 1216 2100 adhortatione
1240 2045 1277 2100 ad
1302 2045 1459 2100 litterarum
1482 2044 1660 2114 antiquarum
1684 2045 1777 2098 studia

390 2128 530 2182 excitatus
556 2145 621 2183 vers
651 2129 719 2184 anni
741 2127 956 2185 Mucccnxv
981 2131 1108 2184 Bonnam
1131 2145 1176 2186 me
1205 2132 1311 2186 contuli
1335 2131 1508 2186 Fridericum
1534 2128 1718 2183 Ritschelium
1750 2137 1777 2184 et

393 2215 424 2266 0.
445 2212 582 2268 Jahnium
601 2214 675 2268 viros
693 2214 778 2285 longe
796 2214 992 2270 celeberrimos
1009 2217 1170 2282 auditurum
1190 2217 1291 2272 deinde
1309 2224 1443 2272 autumno
1455 2217 1582 2287 ejusdem
1600 2215 1667 2270 anni
1679 2215 1777 2270 Bonna

394 2297 495 2352 relicta
512 2300 586 2354 inter
604 2299 689 2368 hujus
706 2300 868 2354 academiae
886 2300 1040 2370 Lipsiensis
1059 2302 1134 2356 cives
1149 2308 1279 2374 receptus
1298 2321 1374 2366 snm3
1397 2302 1499 2358 deinde
1522 2318 1573 2371 per
1596 2317 1700 2354 annum
1718 2301 1777 2354 iere

393 2380 548 2454 Gottingae
576 2385 677 2438 studiis
703 2401 816 2455 operam
843 2384 923 2451 dedi3
948 2386 1069 2458 denique
1095 2404 1160 2442 vere
1192 2389 1259 2442 anni
1289 2386 1550 2442 MDCCGLXVIII
1572 2385 1708 2457 Gottinga
1735 2401 1777 2438 rs·
1879 2405 1883 2418 ·

392 2468 462 2522 licta
482 2470 607 2540 Lipsiam
626 2485 754 2524 reversus
772 2487 842 2524 sum.
869 2471 925 2526 Per
943 2471 997 2526 hoc
1014 2472 1169 2526 studiorum
1187 2473 1410 2529 academicorum
1428 2478 1538 2542 tempus
1558 2469 1661 2525 scholis
1680 2470 1778 2524 horum

390 2555 506 2610 interfui
525 2557 646 2610 virorum
666 2555 883 2610 clarissimorum
902 2557 1014 2623 Ernesti
1031 2565 1060 2612 et
1077 2557 1193 2628 Georgii
1211 2555 1315 2624 Curtii,
1335 2557 1509 2624 Drohischii,
1534 2555 1668 2620 Ehlersii,
1687 2555 1776 2610 Pech-

389 2643 458 2708 neri,
478 2641 535 2697 Ott
554 2641 662 2706 dahnii,
681 2640 715 2696 G.
735 2640 855 2704 titillari,
874 2639 1053 2711 Overbeckii,
1071 2643 1217 2714 Peipersii,
1236 2643 1282 2697 Fr.
1301 2643 1463 2713 Ritschclii,
1482 2641 1633 2704 hachen,
1651 2639 1777 2711 Sauppii,

392 2725 609 2794 Teichmiilleri,
638 2726 671 2781 G.
691 2726 810 2797 Voigtii,
830 2726 956 2794 waitzii,
981 2728 1122 2784 Zarnckii
1159 2729 1285 2800 Egregia
1302 2734 1451 2799 praeterea
1468 2727 1588 2781 virorum
1612 2728 1778 2796 optimorum

391 2828 461 2881 erga
485 2829 530 2866 me
547 2812 745 2868 benevolenh'a
762 2810 868 2866 factum
888 2819 944 2880 eat,
963 2821 996 2868 ut
1012 2814 1041 2866 in
1059 2815 1207 2868 societates
1226 2815 1378 2882 reciperer,
1397 2831 1516 2884 quarum
1534 2811 1779 2867 exercitationibus

391 2895 627 2966 archaaologicis,
646 2897 854 2967 grammaticis,
873 2897 1028 2964 historicis,
1047 2898 1234 2970 philologieis,
1254 2901 1453 2970 philosophicis
1472 2903 1622 2968 praeerant
1640 2895 1778 2967 Georgius

387 2979 510 3048 Curtius,
531 2981 723 3048 Ecksteinius,
743 2978 949 3050 overbsekius,
969 2981 1150 3052 Bitschelins,
1169 2983 1403 3050 Teichmiillerus,
1417 2983 1573 3050 waitzius,
1592 2983 1644 3036 viri
1662 2982 1778 3053 egregii.

389 3066 439 3120 Eis
458 3066 546 3136 igitur
563 3067 693 3121 omnibus
711 3081 746 3120 ox
763 3069 850 3122 animi
869 3069 1010 3124 sententia
1027 3069 1134 3141 gratias
1158 3069 1250 3123 refero
1267 3085 1352 3138 quam
1370 3069 1522 3122 maximaa.'
1556 3067 1698 3122 Libellum
1716 3084 1778 3136 pro-

388 3154 484 3223 posuit
501 3154 549 3222 qui
567 3153 731 3208 inscribitur
757 3153 809 3207 Dic
833 3153 937 3208 Warscl
954 3156 1000 3224 try
1017 3155 1052 3208 im
1073 3154 1268 3208 (iriechs'scten.

457 3237 615 3294 PAULUS
634 3236 838 3294 ROBERTUS
857 3238 1065 3296 SCHUSTER.
1101 3239 1193 3296 Natus
1213 3249 1255 3293 est
1273 3239 1302 3292 in
1319 3241 1421 3310 oppido
1440 3236 1711 3302 hiarkneukirchen‚
1729 3231 1778 3290 ubi

390 3329 472 3393 pater
501 3340 556 3378 non
586 3323 741 3394 ignobilem
767 3327 1015 3381 instrumentorum
1043 3325 1210 3380 musicorum
1239 3332 1425 3386 mercaturam
1451 3325 1520 3379 iecit
1546 3341 1572 3378 a.
1595 3319 1777 3376 uncccbl.

386 3409 512 3464 Primum
540 3411 690 3480 gyruumio
706 3405 918 3466 Vitathumiario
936 3409 1090 3466 Dresdensi
1113 3411 1248 3478 traditus,
1276 3412 1340 3466 inde
1363 3427 1428 3466 vero
1455 3411 1484 3463 in
1504 3409 1667 3462 Moldanum
1686 3405 1777 3460 Grim-

388 3511 484 3550 mense
502 3493 659 3548 translatus
677 3499 728 3549 est.
766 3495 804 3552 Ut
822 3495 982 3566 theologiae
1005 3496 1098 3551 studio
1115 3514 1145 3551 se
1167 3497 1294 3564 dederet,
1314 3496 1517 3568 Erlangensem
1535 3495 1657 3564 primum
1675 3491 1777 3546 acade-

388 3581 472 3635 miam
492 3579 604 3651 petivit,
633 3579 681 3633 uhi
699 3581 836 3650 imprimis
854 3581 1005 3634 Hcfmanni
1025 3581 1128 3636 scholis
1145 3582 1286 3650 interfuit,
1305 3588 1402 3652 postea
1421 3581 1604 3651 Lipsiensem.
1641 3577 1778 3632 Examina

386 3683 437 3736 pro
461 3665 579 3720 licentia
603 3666 782 3720 contionandi
807 3668 972 3735 perfunctus
996 3669 1185 3740 praeceptoris
1214 3686 1315 3723 munus
1342 3669 1371 3722 in
1395 3667 1492 3722 schola
1515 3665 1638 3736 quadam
1665 3665 1777 3734 privata

389 3751 596 3824 Ludwigslusti
614 3753 745 3822 suscepit
770 3751 870 3806 Altero
888 3768 1000 3822 quoque
1018 3754 1144 3809 examine
1158 3755 1287 3810 absoluto
1300 3752 1461 3807 Esrolinum
1474 3751 1553 3817 adiit,
1573 3751 1623 3804 ubi
1636 3749 1778 3805 veteribus

389 3839 510 3893 maxime
527 3835 702 3908 philosophis
719 3853 832 3907 operam
852 3835 938 3904 dedit,
957 3845 1095 3907 postremo
1107 3857 1131 3894 a.
1147 3837 1376 3894 MDCCCLXVI
1389 3837 1517 3908 Lipsiam
1536 3852 1664 3891 reversus
1683 3835 1779 3906 ibique

387 3929 415 3978 et
434 3923 463 3976 in
481 3923 548 3976 ludo
569 3922 692 3992 quodam
710 3923 820 3992 privato
838 3929 868 3976 et
884 3922 913 3976 iu
932 3939 967 3978 ea
985 3924 1083 3978 schola
1101 3941 1174 3994 quas
1193 3925 1367 3979 missionsria
1379 3924 1491 3986 dicitur,
1510 3929 1674 3993 praeceptor
1685 3922 1778 3977 factus

388 4015 438 4064 est
458 4041 488 4048 —
510 4009 629 4079 Scripsit
647 4010 679 4061 de
697 4011 792 4062 ueteris
811 4009 943 4079 Orphicue
962 4011 1119 4079 theoponice
1137 4013 1225 4065 indole
1243 4021 1322 4079 utque
1341 4011 1448 4078 oriyine.
1863 4039 1866 4046 ι

459 4093 562 4152 GUNO
582 4091 811 4149 GUILELMUS
829 4095 1022 4152 ARMINIUS
1040 4095 1328 4152 SCHLOEMILCH.
1364 4096 1419 4154 Hic
1436 4112 1492 4165 quo
1510 4098 1686 4148 cononatus
1704 4095 1780 4146 esset

391 4179 536 4234 nobiscum
555 4198 610 4234 nou
629 4177 852 4234 communicavit
886 4179 967 4235 Dicit
988 4186 1083 4236 autem
1105 4197 1136 4236 se
1154 4181 1358 4236 Vimaricnsam
1377 4197 1439 4236 esse
1459 4197 1493 4234 ex
1510 4179 1572 4233 vico
1589 4177 1779 4232 Hardislcbsn

390 4265 537 4320 anundum
563 4273 592 4322 et
614 4265 792 4337 gymnasium
817 4266 894 4320 reale
919 4266 1088 4322 Isenacense
1114 4267 1314 4336 frequentasse.
1354 4267 1456 4322 ,lanam
1482 4265 1583 4320 deinde
1607 4281 1637 4320 ss
1663 4263 1780 4318 contulit

390 4351 547 4420 studiisque
570 4351 658 4406 morbi
682 4367 769 4406 causa
793 4351 936 4421 paulisper
957 4353 1133 4424 interruptis,
1157 4352 1296 4422 Lipsiam,
1321 4352 1371 4407 ubi
1394 4353 1467 4406 viros
1486 4349 1654 4406 clarissimos
1675 4347 1778 4415 Kolhe‚

386 4435 550 4503 Naumann,
570 4437 696 4500 Bracae,
715 4436 800 4508 Knop
818 4436 925 4492 audivit
943 4437 1045 4508 quibus
1063 4454 1153 4508 aeque
1179 4453 1214 4492 ac
1232 4438 1401 4492 lanensibus
1424 4436 1565 4504 Geuther,
1590 4433 1779 4505 Pringaheim,

388 4521 507 4578 Fischer
531 4521 711 4592 philosopho,
745 4521 874 4578 Schmidt
899 4523 1031 4578 historico
1054 4542 1084 4580 se
1108 4525 1300 4596 gratissimum
1324 4521 1479 4592 profitetur.
1504 4554 1535 4562 —
1561 4521 1691 4577 Libellus
1718 4519 1779 4590 ejus

387 4608 531 4664 chemicus
558 4607 710 4677 inscriptus
739 4615 782 4664 ast
813 4610 898 4664 Ucber
922 4611 1019 4664 directe
1046 4610 1240 4680 Umwondlunp
1264 4611 1310 4662 dcc
1336 4609 1465 4678 Aldolsytr
1494 4612 1540 4663 der
1566 4609 1728 4678 Essipsdurc
1750 4608 1779 4660 isi

386 4695 488 4748 Arcton
507 4695 562 4746 aad
582 4697 673 4748 dassen
692 4695 844 4764 Homolopc.

1586 4781 1624 4831 3*
