<?xml version="1.0" encoding="UTF-8"?>
<!DOCTYPE html PUBLIC "-//W3C//DTD XHTML 1.0 Transitional//EN"
    "http://www.w3.org/TR/xhtml1/DTD/xhtml1-transitional.dtd">
<html xmlns="http://www.w3.org/1999/xhtml" xml:lang="en" lang="en">
 <head>
  <title>
</title>
<meta http-equiv="Content-Type" content="text/html;charset=utf-8" />
  <meta name='ocr-system' content='tesseract 3.04.00' />
  <meta name='ocr-capabilities' content='ocr_page ocr_carea ocr_par ocr_line ocrx_word'/>
</head>
<body>
  <div class='ocr_page' id='page_1' title='image "./denominumgraeco00curtgoog_0237.png"; bbox 0 0 4520 5896; ppageno 0'>
   <div class='ocr_carea' id='block_1_1' title="bbox 1119 694 1275 764">
    <p class='ocr_par' dir='ltr' id='par_1_1' title="bbox 1119 694 1275 764">
     <span class='ocr_line' id='line_1_1' title="bbox 1119 694 1275 764; baseline -0.006 -34"><span class='ocrx_word' id='word_1_1' title='bbox 1119 694 1275 764; x_wconf 68' lang='lat'><strong>-.10</strong></span> 
     </span>
    </p>
   </div>
   <div class='ocr_carea' id='block_1_2' title="bbox 557 863 1948 3180">
    <p class='ocr_par' dir='ltr' id='par_1_2' title="bbox 557 863 1948 3180">
     <span class='ocr_line' id='line_1_2' title="bbox 557 863 1944 977; baseline -0.001 -19"><span class='ocrx_word' id='word_1_2' title='bbox 557 863 750 960; x_wconf 44' lang='lat' dir='ltr'><strong>&#39;varietatem</strong></span> <span class='ocrx_word' id='word_1_3' title='bbox 778 892 932 977; x_wconf 88' lang='lat' dir='ltr'><strong>pervenit.</strong></span> <span class='ocrx_word' id='word_1_4' title='bbox 977 893 1061 958; x_wconf 90' lang='lat' dir='ltr'><strong>Nam</strong></span> <span class='ocrx_word' id='word_1_5' title='bbox 1088 898 1162 955; x_wconf 86' lang='lat' dir='ltr'><strong>ante</strong></span> <span class='ocrx_word' id='word_1_6' title='bbox 1190 891 1330 974; x_wconf 80' lang='lat' dir='ltr'>syllabas</span> <span class='ocrx_word' id='word_1_7' title='bbox 1357 891 1368 954; x_wconf 92' lang='lat' dir='ltr'><strong>l</strong></span> <span class='ocrx_word' id='word_1_8' title='bbox 1390 890 1532 955; x_wconf 89' lang='lat' dir='ltr'><strong>litteram</strong></span> <span class='ocrx_word' id='word_1_9' title='bbox 1562 889 1763 955; x_wconf 78' lang='lat' dir='ltr'><strong>continentes</strong></span> <span class='ocrx_word' id='word_1_10' title='bbox 1787 909 1944 956; x_wconf 72' lang='lat' dir='ltr'><strong>consonae</strong></span> 
     </span>
     <span class='ocr_line' id='line_1_3' title="bbox 561 999 1946 1088; baseline -0.004 -18"><span class='ocrx_word' id='word_1_11' title='bbox 561 1005 721 1088; x_wconf 82' lang='lat' dir='ltr'><strong>quaedam</strong></span> <span class='ocrx_word' id='word_1_12' title='bbox 743 1004 957 1080; x_wconf 85' lang='lat' dir='ltr'><strong>inveniuntur,</strong></span> <span class='ocrx_word' id='word_1_13' title='bbox 982 1023 1065 1085; x_wconf 92' lang='lat' dir='ltr'><strong>quae</strong></span> <span class='ocrx_word' id='word_1_14' title='bbox 1088 1023 1159 1066; x_wconf 91' lang='lat' dir='ltr'><strong>cum</strong></span> <span class='ocrx_word' id='word_1_15' title='bbox 1181 1001 1223 1066; x_wconf 90' lang='lat' dir='ltr'><strong>ad</strong></span> <span class='ocrx_word' id='word_1_16' title='bbox 1245 1000 1509 1083; x_wconf 85' lang='lat' dir='ltr'><strong>significationem</strong></span> <span class='ocrx_word' id='word_1_17' title='bbox 1524 1000 1603 1066; x_wconf 89' lang='lat' dir='ltr'><strong>nihil</strong></span> <span class='ocrx_word' id='word_1_18' title='bbox 1618 999 1763 1066; x_wconf 83' lang='lat' dir='ltr'><strong>conferre</strong></span> <span class='ocrx_word' id='word_1_19' title='bbox 1778 1000 1946 1065; x_wconf 88' lang='lat' dir='ltr'><strong>videantur</strong></span> 
     </span>
     <span class='ocr_line' id='line_1_4' title="bbox 562 1109 1946 1197; baseline -0.003 -17"><span class='ocrx_word' id='word_1_20' title='bbox 562 1135 601 1180; x_wconf 86' lang='lat' dir='ltr'><strong>ex</strong></span> <span class='ocrx_word' id='word_1_21' title='bbox 627 1117 745 1180; x_wconf 86' lang='lat' dir='ltr'><strong>veleris</strong></span> <span class='ocrx_word' id='word_1_22' title='bbox 769 1114 995 1197; x_wconf 88' lang='lat' dir='ltr'><strong>grammaticae</strong></span> <span class='ocrx_word' id='word_1_23' title='bbox 1017 1112 1142 1176; x_wconf 88' lang='lat' dir='ltr'><strong>ratione</strong></span> <span class='ocrx_word' id='word_1_24' title='bbox 1164 1111 1214 1174; x_wconf 88' lang='lat' dir='ltr'><strong>vel</strong></span> <span class='ocrx_word' id='word_1_25' title='bbox 1240 1109 1457 1193; x_wconf 86' lang='lat' dir='ltr'><strong>pleonasticae</strong></span> <span class='ocrx_word' id='word_1_26' title='bbox 1479 1111 1584 1176; x_wconf 86' lang='lat' dir='ltr'><strong>dictae</strong></span> <span class='ocrx_word' id='word_1_27' title='bbox 1606 1117 1681 1176; x_wconf 87' lang='lat' dir='ltr'><strong>sunt</strong></span> <span class='ocrx_word' id='word_1_28' title='bbox 1706 1110 1757 1175; x_wconf 86' lang='lat' dir='ltr'><strong>vel</strong></span> <span class='ocrx_word' id='word_1_29' title='bbox 1783 1131 1847 1176; x_wconf 89' lang='lat' dir='ltr'><strong>non</strong></span> <span class='ocrx_word' id='word_1_30' title='bbox 1877 1109 1946 1176; x_wconf 90' lang='lat' dir='ltr'><strong>sino</strong></span> 
     </span>
     <span class='ocr_line' id='line_1_5' title="bbox 562 1219 1946 1306; baseline -0.003 -18"><span class='ocrx_word' id='word_1_31' title='bbox 562 1225 749 1290; x_wconf 80' lang='lat' dir='ltr'><strong>reconditae</strong></span> <span class='ocrx_word' id='word_1_32' title='bbox 778 1223 943 1306; x_wconf 89' lang='lat' dir='ltr'><strong>cujusdam</strong></span> <span class='ocrx_word' id='word_1_33' title='bbox 973 1223 1149 1305; x_wconf 80' lang='lat' dir='ltr'><strong>sapientiae</strong></span> <span class='ocrx_word' id='word_1_34' title='bbox 1178 1219 1382 1286; x_wconf 83' lang='lat' dir='ltr'><strong>affectatione</strong></span> <span class='ocrx_word' id='word_1_35' title='bbox 1412 1221 1645 1286; x_wconf 83' lang='lat' dir='ltr'><strong>corroborandi</strong></span> <span class='ocrx_word' id='word_1_36' title='bbox 1674 1242 1772 1286; x_wconf 89' lang='lat' dir='ltr'><strong>causa</strong></span> <span class='ocrx_word' id='word_1_37' title='bbox 1797 1221 1946 1284; x_wconf 74' lang='lat' dir='ltr'><strong>insertae</strong></span> 
     </span>
     <span class='ocr_line' id='line_1_6' title="bbox 561 1331 1945 1417; baseline -0.006 -15"><span class='ocrx_word' id='word_1_38' title='bbox 561 1335 613 1402; x_wconf 84' lang='lat' dir='ltr'><strong>Sic</strong></span> <span class='ocrx_word' id='word_1_39' title='bbox 636 1335 722 1417; x_wconf 89' lang='lat' dir='ltr'><strong>apud</strong></span> <span class='ocrx_word' id='word_1_40' title='bbox 744 1335 905 1398; x_wconf 86' lang='lat' dir='ltr'><strong>Romanos</strong></span> <span class='ocrx_word' id='word_1_41' title='bbox 927 1341 1057 1417; x_wconf 88' lang='lat' dir='ltr'><strong>praeter</strong></span> <span class='ocrx_word' id='word_1_42' title='bbox 1078 1335 1137 1397; x_wconf 83' lang='lat' dir='ltr'><strong>lli-s</strong></span> <span class='ocrx_word' id='word_1_43' title='bbox 1159 1337 1266 1396; x_wconf 86' lang='lat' dir='ltr'><strong>exstat</strong></span> <span class='ocrx_word' id='word_1_44' title='bbox 1287 1332 1378 1406; x_wconf 78' lang='lat' dir='ltr'><strong>bili-a,</strong></span> <span class='ocrx_word' id='word_1_45' title='bbox 1402 1333 1483 1410; x_wconf 82' lang='lat' dir='ltr'><strong>lili-a,</strong></span> <span class='ocrx_word' id='word_1_46' title='bbox 1505 1333 1598 1396; x_wconf 80' lang='lat' dir='ltr'><strong>sili-r:</strong></span> <span class='ocrx_word' id='word_1_47' title='bbox 1619 1331 1748 1409; x_wconf 79' lang='lat' dir='ltr'><strong>docili-e,</strong></span> <span class='ocrx_word' id='word_1_48' title='bbox 1776 1333 1883 1395; x_wconf 65' lang='lat' dir='ltr'><strong>all-ilia</strong></span> <span class='ocrx_word' id='word_1_49' title='bbox 1903 1365 1945 1378; x_wconf 82' lang='grc'><strong>-</strong></span> 
     </span>
     <span class='ocr_line' id='line_1_7' title="bbox 560 1441 1946 1529; baseline -0.006 -17"><span class='ocrx_word' id='word_1_50' title='bbox 560 1447 710 1519; x_wconf 69' lang='lat' dir='ltr'><strong>atribili-o,</strong></span> <span class='ocrx_word' id='word_1_51' title='bbox 732 1446 860 1509; x_wconf 63' lang='lat' dir='ltr'><strong>aci-hilis</strong></span> <span class='ocrx_word' id='word_1_52' title='bbox 882 1478 923 1489; x_wconf 90' lang='lat'>—</span> <span class='ocrx_word' id='word_1_53' title='bbox 943 1445 1080 1524; x_wconf 66' lang='lat' dir='ltr'><strong>fmilia</strong></span> <span class='ocrx_word' id='word_1_54' title='bbox 1099 1444 1225 1529; x_wconf 68' lang='lat' dir='ltr'><strong>poelli-⁸</strong></span> <span class='ocrx_word' id='word_1_55' title='bbox 1248 1479 1286 1488; x_wconf 94' lang='lat'><strong>—</strong></span> <span class='ocrx_word' id='word_1_56' title='bbox 1307 1442 1465 1527; x_wconf 64' lang='lat' dir='ltr'><strong>pen-siles,</strong></span> <span class='ocrx_word' id='word_1_57' title='bbox 1487 1444 1645 1507; x_wconf 73' lang='lat' dir='ltr'><strong>mv&#39;csili-s.</strong></span> <span class='ocrx_word' id='word_1_58' title='bbox 1689 1441 1732 1505; x_wconf 81' lang='lat' dir='ltr'><strong>Et</strong></span> <span class='ocrx_word' id='word_1_59' title='bbox 1752 1441 1892 1507; x_wconf 81' lang='lat' dir='ltr'><strong>alittera</strong></span> <span class='ocrx_word' id='word_1_60' title='bbox 1912 1441 1946 1504; x_wconf 91' lang='lat' dir='ltr'><strong>in</strong></span> 
     </span>
     <span class='ocr_line' id='line_1_8' title="bbox 561 1551 1948 1638; baseline -0.003 -18"><span class='ocrx_word' id='word_1_61' title='bbox 561 1555 724 1638; x_wconf 88' lang='lat' dir='ltr'><strong>plerisque</strong></span> <span class='ocrx_word' id='word_1_62' title='bbox 748 1559 848 1633; x_wconf 83' lang='lat' dir='ltr'><strong>certe,</strong></span> <span class='ocrx_word' id='word_1_63' title='bbox 872 1555 898 1618; x_wconf 89' lang='lat' dir='ltr'><strong>si</strong></span> <span class='ocrx_word' id='word_1_64' title='bbox 921 1575 984 1618; x_wconf 92' lang='lat' dir='ltr'><strong>non</strong></span> <span class='ocrx_word' id='word_1_65' title='bbox 1006 1554 1038 1616; x_wconf 90' lang='lat' dir='ltr'><strong>in</strong></span> <span class='ocrx_word' id='word_1_66' title='bbox 1068 1553 1227 1630; x_wconf 90' lang='lat' dir='ltr'><strong>omnibus,</strong></span> <span class='ocrx_word' id='word_1_67' title='bbox 1256 1551 1461 1616; x_wconf 91' lang='lat' dir='ltr'><strong>hauddubie</strong></span> <span class='ocrx_word' id='word_1_68' title='bbox 1489 1551 1657 1618; x_wconf 85' lang='lat' dir='ltr'><strong>affectione</strong></span> <span class='ocrx_word' id='word_1_69' title='bbox 1684 1553 1854 1618; x_wconf 83' lang='lat' dir='ltr'><strong>notissima</strong></span> <span class='ocrx_word' id='word_1_70' title='bbox 1875 1565 1948 1616; x_wconf 80' lang='lat' dir='ltr'><strong>ext</strong></span> 
     </span>
     <span class='ocr_line' id='line_1_9' title="bbox 559 1663 1946 1750; baseline 0 -22"><span class='ocrx_word' id='word_1_71' title='bbox 559 1667 647 1730; x_wconf 87' lang='lat' dir='ltr'><strong>l&#39;aota</strong></span> <span class='ocrx_word' id='word_1_72' title='bbox 669 1673 716 1729; x_wconf 86' lang='lat' dir='ltr'><strong>est</strong></span> <span class='ocrx_word' id='word_1_73' title='bbox 741 1663 852 1728; x_wconf 90' lang='lat' dir='ltr'><strong>eodem</strong></span> <span class='ocrx_word' id='word_1_74' title='bbox 880 1663 989 1742; x_wconf 89' lang='lat' dir='ltr'><strong>modo,</strong></span> <span class='ocrx_word' id='word_1_75' title='bbox 1016 1685 1079 1745; x_wconf 92' lang='lat' dir='ltr'><strong>quo</strong></span> <span class='ocrx_word' id='word_1_76' title='bbox 1108 1666 1238 1728; x_wconf 75' lang='lat' dir='ltr'><strong>mia-sae</strong></span> <span class='ocrx_word' id='word_1_77' title='bbox 1264 1683 1323 1745; x_wconf 91' lang='lat' dir='ltr'><strong>pro</strong></span> <span class='ocrx_word' id='word_1_78' title='bbox 1352 1666 1488 1738; x_wconf 72' lang='lat' dir='ltr'><strong>mit-tae,</strong></span> <span class='ocrx_word' id='word_1_79' title='bbox 1512 1687 1668 1749; x_wconf 64' lang='lat' dir='ltr'><strong>pen-som</strong></span> <span class='ocrx_word' id='word_1_80' title='bbox 1693 1685 1753 1746; x_wconf 90' lang='lat' dir='ltr'><strong>pro</strong></span> <span class='ocrx_word' id='word_1_81' title='bbox 1775 1666 1946 1750; x_wconf 65' lang='lat' dir='ltr'><strong>prad-tuen</strong></span> 
     </span>
     <span class='ocr_line' id='line_1_10' title="bbox 562 1773 1946 1840; baseline 0 -2"><span class='ocrx_word' id='word_1_82' title='bbox 562 1775 767 1840; x_wconf 86' lang='lat' dir='ltr'><strong>dictumest.</strong></span> <span class='ocrx_word' id='word_1_83' title='bbox 812 1775 949 1840; x_wconf 77' lang='lat' dir='ltr'><strong>Restant</strong></span> <span class='ocrx_word' id='word_1_84' title='bbox 975 1775 1053 1838; x_wconf 80' lang='lat' dir='ltr'><strong>bili-s</strong></span> <span class='ocrx_word' id='word_1_85' title='bbox 1082 1781 1114 1838; x_wconf 89' lang='lat' dir='ltr'><strong>et</strong></span> <span class='ocrx_word' id='word_1_86' title='bbox 1135 1775 1211 1838; x_wconf 82' lang='lat' dir='ltr'><strong>lili-e.</strong></span> <span class='ocrx_word' id='word_1_87' title='bbox 1257 1773 1294 1838; x_wconf 91' lang='lat' dir='ltr'><strong>Iu</strong></span> <span class='ocrx_word' id='word_1_88' title='bbox 1321 1773 1418 1838; x_wconf 80' lang='lat' dir='ltr'><strong>illel&gt;</strong></span> <span class='ocrx_word' id='word_1_89' title='bbox 1446 1773 1558 1839; x_wconf 86' lang='lat' dir='ltr'><strong>littera</strong></span> <span class='ocrx_word' id='word_1_90' title='bbox 1583 1773 1723 1838; x_wconf 85' lang='lat' dir='ltr'><strong>fortasse</strong></span> <span class='ocrx_word' id='word_1_91' title='bbox 1754 1774 1866 1839; x_wconf 85' lang='lat' dir='ltr'><strong>eadem</strong></span> <span class='ocrx_word' id='word_1_92' title='bbox 1894 1780 1946 1838; x_wconf 86' lang='lat' dir='ltr'><strong>est</strong></span> 
     </span>
     <span class='ocr_line' id='line_1_11' title="bbox 561 1883 1946 1968; baseline 0.001 -20"><span class='ocrx_word' id='word_1_93' title='bbox 561 1906 643 1967; x_wconf 81' lang='lat' dir='ltr'><strong>quae</strong></span> <span class='ocrx_word' id='word_1_94' title='bbox 665 1885 698 1950; x_wconf 88' lang='lat' dir='ltr'><strong>in</strong></span> <span class='ocrx_word' id='word_1_95' title='bbox 720 1887 787 1950; x_wconf 73' lang='lat' dir='ltr'><strong>bado</strong></span> <span class='ocrx_word' id='word_1_96' title='bbox 809 1887 960 1966; x_wconf 70' lang='lat' dir='ltr'><strong>(sa-bah),</strong></span> <span class='ocrx_word' id='word_1_97' title='bbox 982 1886 1095 1950; x_wconf 78' lang='lat' dir='ltr'><strong>bulo-m</strong></span> <span class='ocrx_word' id='word_1_98' title='bbox 1109 1885 1312 1966; x_wconf 65' lang='lat' dir='ltr'><strong>(lali-hulam)</strong></span> <span class='ocrx_word' id='word_1_99' title='bbox 1330 1889 1362 1946; x_wconf 86' lang='lat' dir='ltr'><strong>et</strong></span> <span class='ocrx_word' id='word_1_100' title='bbox 1377 1885 1504 1948; x_wconf 79' lang='lat' dir='ltr'><strong>buada-s</strong></span> <span class='ocrx_word' id='word_1_101' title='bbox 1526 1885 1768 1967; x_wconf 62' lang='lat' dir='ltr'><strong>(metendo-s)</strong></span> <span class='ocrx_word' id='word_1_102' title='bbox 1790 1883 1946 1968; x_wconf 78' lang='lat' dir='ltr'><strong>conspici·</strong></span> 
     </span>
     <span class='ocr_line' id='line_1_12' title="bbox 566 1993 1943 2078; baseline 0.001 -22"><span class='ocrx_word' id='word_1_103' title='bbox 566 2005 628 2074; x_wconf 86' lang='lat' dir='ltr'><strong>tur,</strong></span> <span class='ocrx_word' id='word_1_104' title='bbox 652 2016 672 2060; x_wconf 90' lang='lat' dir='ltr'><strong>a</strong></span> <span class='ocrx_word' id='word_1_105' title='bbox 694 1995 819 2060; x_wconf 87' lang='lat' dir='ltr'><strong>Graeca</strong></span> <span class='ocrx_word' id='word_1_106' title='bbox 841 1995 951 2078; x_wconf 88' lang='lat' dir='ltr'><strong>lingua</strong></span> <span class='ocrx_word' id='word_1_107' title='bbox 972 2015 1037 2058; x_wconf 93' lang='lat' dir='ltr'><strong>non</strong></span> <span class='ocrx_word' id='word_1_108' title='bbox 1059 1995 1163 2058; x_wconf 89' lang='lat' dir='ltr'><strong>minus</strong></span> <span class='ocrx_word' id='word_1_109' title='bbox 1186 1993 1301 2070; x_wconf 88' lang='lat' dir='ltr'><strong>aliena,</strong></span> <span class='ocrx_word' id='word_1_110' title='bbox 1326 2015 1423 2076; x_wconf 87' lang='lat' dir='ltr'><strong>quam</strong></span> <span class='ocrx_word' id='word_1_111' title='bbox 1446 2013 1492 2071; x_wconf 81' lang='lat' dir='ltr'><strong>ea,</strong></span> <span class='ocrx_word' id='word_1_112' title='bbox 1516 1995 1608 2077; x_wconf 89' lang='lat' dir='ltr'><strong>eujus</strong></span> <span class='ocrx_word' id='word_1_113' title='bbox 1625 2015 1685 2078; x_wconf 89' lang='lat' dir='ltr'><strong>ope</strong></span> <span class='ocrx_word' id='word_1_114' title='bbox 1707 1993 1817 2058; x_wconf 86' lang='lat' dir='ltr'><strong>lutura</strong></span> <span class='ocrx_word' id='word_1_115' title='bbox 1832 2001 1864 2058; x_wconf 89' lang='lat' dir='ltr'><strong>et</strong></span> <span class='ocrx_word' id='word_1_116' title='bbox 1885 1997 1943 2058; x_wconf 91' lang='lat' dir='ltr'><strong>im·</strong></span> 
     </span>
     <span class='ocr_line' id='line_1_13' title="bbox 559 2103 1946 2188; baseline -0.001 -18"><span class='ocrx_word' id='word_1_117' title='bbox 559 2105 706 2188; x_wconf 87' lang='lat' dir='ltr'><strong>perfecta</strong></span> <span class='ocrx_word' id='word_1_118' title='bbox 728 2103 917 2170; x_wconf 82' lang='lat' dir='ltr'><strong>formantur.</strong></span> <span class='ocrx_word' id='word_1_119' title='bbox 951 2103 1014 2169; x_wconf 86' lang='lat' dir='ltr'><strong>Sed</strong></span> <span class='ocrx_word' id='word_1_120' title='bbox 1038 2117 1050 2167; x_wconf 88' lang='lat' dir='ltr'><strong>t</strong></span> <span class='ocrx_word' id='word_1_121' title='bbox 1072 2124 1220 2184; x_wconf 81' lang='lat' dir='ltr'><strong>consona,</strong></span> <span class='ocrx_word' id='word_1_122' title='bbox 1243 2125 1437 2186; x_wconf 85' lang='lat' dir='ltr'><strong>quamquam</strong></span> <span class='ocrx_word' id='word_1_123' title='bbox 1459 2104 1557 2187; x_wconf 92' lang='lat' dir='ltr'><strong>paulo</strong></span> <span class='ocrx_word' id='word_1_124' title='bbox 1572 2104 1677 2170; x_wconf 85' lang='lat' dir='ltr'><strong>rarius</strong></span> <span class='ocrx_word' id='word_1_125' title='bbox 1700 2104 1788 2187; x_wconf 89' lang='lat' dir='ltr'><strong>apud</strong></span> <span class='ocrx_word' id='word_1_126' title='bbox 1803 2103 1946 2170; x_wconf 84' lang='lat' dir='ltr'><strong>Graecos</strong></span> 
     </span>
     <span class='ocr_line' id='line_1_14' title="bbox 558 2214 1946 2300; baseline 0 -20"><span class='ocrx_word' id='word_1_127' title='bbox 558 2217 732 2295; x_wconf 89' lang='lat' dir='ltr'><strong>invenitur,</strong></span> <span class='ocrx_word' id='word_1_128' title='bbox 761 2222 870 2280; x_wconf 86' lang='lat' dir='ltr'><strong>tamen</strong></span> <span class='ocrx_word' id='word_1_129' title='bbox 896 2214 1023 2297; x_wconf 89' lang='lat' dir='ltr'><strong>utrique</strong></span> <span class='ocrx_word' id='word_1_130' title='bbox 1050 2214 1176 2298; x_wconf 84' lang='lat' dir='ltr'><strong>linguae</strong></span> <span class='ocrx_word' id='word_1_131' title='bbox 1204 2214 1380 2279; x_wconf 86' lang='lat' dir='ltr'><strong>communis</strong></span> <span class='ocrx_word' id='word_1_132' title='bbox 1407 2219 1464 2278; x_wconf 89' lang='lat' dir='ltr'><strong>est.</strong></span> <span class='ocrx_word' id='word_1_133' title='bbox 1510 2214 1666 2298; x_wconf 84' lang='lat' dir='ltr'><strong>Exempla</strong></span> <span class='ocrx_word' id='word_1_134' title='bbox 1694 2215 1834 2293; x_wconf 86' lang='lat' dir='ltr'><strong>Graeca,</strong></span> <span class='ocrx_word' id='word_1_135' title='bbox 1862 2235 1946 2300; x_wconf 90' lang='lat' dir='ltr'><strong>quae</strong></span> 
     </span>
     <span class='ocr_line' id='line_1_15' title="bbox 559 2319 1947 2410; baseline -0.001 -20"><span class='ocrx_word' id='word_1_136' title='bbox 559 2328 702 2409; x_wconf 88' lang='lat' dir='ltr'><strong>reperire</strong></span> <span class='ocrx_word' id='word_1_137' title='bbox 724 2327 825 2410; x_wconf 90' lang='lat' dir='ltr'><strong>potui,</strong></span> <span class='ocrx_word' id='word_1_138' title='bbox 848 2326 929 2391; x_wconf 87' lang='lat' dir='ltr'><strong>haee</strong></span> <span class='ocrx_word' id='word_1_139' title='bbox 951 2333 1040 2390; x_wconf 89' lang='lat' dir='ltr'><strong>sunt:</strong></span> <span class='ocrx_word' id='word_1_140' title='bbox 1062 2319 1251 2404; x_wconf 71' lang='lat' dir='ltr'><strong>pi-e-vlac</strong></span> <span class='ocrx_word' id='word_1_141' title='bbox 1273 2327 1466 2390; x_wconf 65' lang='lat' dir='ltr'><strong>amo-telae</strong></span> <span class='ocrx_word' id='word_1_142' title='bbox 1480 2345 1544 2388; x_wconf 90' lang='lat' dir='ltr'><strong>non</strong></span> <span class='ocrx_word' id='word_1_143' title='bbox 1560 2325 1729 2404; x_wconf 86' lang='lat' dir='ltr'><strong>diversum,</strong></span> <span class='ocrx_word' id='word_1_144' title='bbox 1752 2326 1792 2389; x_wconf 91' lang='lat' dir='ltr'><strong>de</strong></span> <span class='ocrx_word' id='word_1_145' title='bbox 1808 2346 1947 2409; x_wconf 90' lang='lat' dir='ltr'><strong>quorum</strong></span> 
     </span>
     <span class='ocr_line' id='line_1_16' title="bbox 559 2435 1947 2520; baseline -0.001 -20"><span class='ocrx_word' id='word_1_146' title='bbox 559 2436 681 2517; x_wconf 82' lang='lat' dir='ltr'><strong>origiue</strong></span> <span class='ocrx_word' id='word_1_147' title='bbox 703 2438 753 2520; x_wconf 90' lang='lat' dir='ltr'><strong>egi</strong></span> <span class='ocrx_word' id='word_1_148' title='bbox 775 2437 912 2520; x_wconf 85' lang='lat' dir='ltr'><strong>Etymol</strong></span> <span class='ocrx_word' id='word_1_149' title='bbox 936 2435 991 2500; x_wconf 92' lang='lat' dir='ltr'><strong>Gr.</strong></span> <span class='ocrx_word' id='word_1_150' title='bbox 1014 2459 1043 2520; x_wconf 91' lang='lat' dir='ltr'><strong>p.</strong></span> <span class='ocrx_word' id='word_1_151' title='bbox 1067 2441 1139 2500; x_wconf 79' lang='grc'><strong>670.</strong></span> <span class='ocrx_word' id='word_1_152' title='bbox 1182 2435 1315 2517; x_wconf 85' lang='lat' dir='ltr'><strong>Legitur</strong></span> <span class='ocrx_word' id='word_1_153' title='bbox 1338 2435 1465 2518; x_wconf 89' lang='lat' dir='ltr'><strong>quidem</strong></span> <span class='ocrx_word' id='word_1_154' title='bbox 1488 2436 1550 2501; x_wconf 90' lang='lat' dir='ltr'><strong>hoc</strong></span> <span class='ocrx_word' id='word_1_155' title='bbox 1571 2435 1762 2501; x_wconf 86' lang='lat' dir='ltr'><strong>vocabulum</strong></span> <span class='ocrx_word' id='word_1_156' title='bbox 1785 2457 1849 2500; x_wconf 91' lang='lat' dir='ltr'><strong>non</strong></span> <span class='ocrx_word' id='word_1_157' title='bbox 1871 2441 1947 2501; x_wconf 87' lang='lat' dir='ltr'><strong>ante</strong></span> 
     </span>
     <span class='ocr_line' id='line_1_17' title="bbox 560 2543 1946 2631; baseline -0.001 -19"><span class='ocrx_word' id='word_1_158' title='bbox 560 2547 779 2626; x_wconf 82' lang='lat' dir='ltr'><strong>Theocritum,</strong></span> <span class='ocrx_word' id='word_1_159' title='bbox 803 2547 861 2612; x_wconf 90' lang='lat' dir='ltr'><strong>sed</strong></span> <span class='ocrx_word' id='word_1_160' title='bbox 883 2552 916 2612; x_wconf 89' lang='lat' dir='ltr'><strong>et</strong></span> <span class='ocrx_word' id='word_1_161' title='bbox 936 2543 1113 2631; x_wconf 74' lang='grc' dir='ltr'><strong>Μιτυλήνη</strong></span> <span class='ocrx_word' id='word_1_162' title='bbox 1140 2566 1272 2623; x_wconf 88' lang='lat' dir='ltr'><strong>nomen,</strong></span> <span class='ocrx_word' id='word_1_163' title='bbox 1299 2553 1332 2608; x_wconf 87' lang='lat' dir='ltr'><strong>et</strong></span> <span class='ocrx_word' id='word_1_164' title='bbox 1360 2546 1431 2630; x_wconf 89' lang='lat' dir='ltr'><strong>ipsa</strong></span> <span class='ocrx_word' id='word_1_165' title='bbox 1453 2545 1560 2610; x_wconf 89' lang='lat' dir='ltr'><strong>Latini</strong></span> <span class='ocrx_word' id='word_1_166' title='bbox 1586 2546 1734 2611; x_wconf 85' lang='lat' dir='ltr'><strong>vocabuli</strong></span> <span class='ocrx_word' id='word_1_167' title='bbox 1766 2547 1946 2629; x_wconf 82' lang='lat' dir='ltr'><strong>aequalitas</strong></span> 
     </span>
     <span class='ocr_line' id='line_1_18' title="bbox 560 2649 1946 2743; baseline 0 -23"><span class='ocrx_word' id='word_1_168' title='bbox 560 2657 753 2722; x_wconf 70' lang='lat' dir='ltr'><strong>documento</strong></span> <span class='ocrx_word' id='word_1_169' title='bbox 777 2662 827 2722; x_wconf 87' lang='lat' dir='ltr'><strong>est</strong></span> <span class='ocrx_word' id='word_1_170' title='bbox 849 2656 1107 2739; x_wconf 86' lang='lat' dir='ltr'><strong>antiquissimum</strong></span> <span class='ocrx_word' id='word_1_171' title='bbox 1130 2655 1237 2720; x_wconf 86' lang='lat' dir='ltr'><strong>fuisse.</strong></span> <span class='ocrx_word' id='word_1_172' title='bbox 1260 2655 1425 2720; x_wconf 83' lang='lat' dir='ltr'><strong>Accedunt</strong></span> <span class='ocrx_word' id='word_1_173' title='bbox 1446 2649 1642 2743; x_wconf 77' lang='grc' dir='ltr'><strong><em>ἐξ-ί-τ-ηλος</em></strong></span> <span class='ocrx_word' id='word_1_174' title='bbox 1656 2657 1823 2738; x_wconf 83' lang='lat' dir='ltr'><strong>(Herodot</strong></span> <span class='ocrx_word' id='word_1_175' title='bbox 1839 2656 1946 2738; x_wconf 80' lang='lat' dir='ltr'><strong>Plat),</strong></span> 
     </span>
     <span class='ocr_line' id='line_1_19' title="bbox 559 2763 1945 2854; baseline -0.001 -22"><span class='ocrx_word' id='word_1_176' title='bbox 559 2764 770 2854; x_wconf 57' lang='lat' dir='ltr'><strong>‹poeula-9</strong></span> <span class='ocrx_word' id='word_1_177' title='bbox 797 2773 831 2832; x_wconf 89' lang='lat' dir='ltr'><strong>et</strong></span> <span class='ocrx_word' id='word_1_178' title='bbox 858 2787 940 2849; x_wconf 88' lang='lat' dir='ltr'><strong>quae</strong></span> <span class='ocrx_word' id='word_1_179' title='bbox 974 2785 1046 2828; x_wconf 89' lang='lat' dir='ltr'><strong>eum</strong></span> <span class='ocrx_word' id='word_1_180' title='bbox 1080 2765 1141 2828; x_wconf 88' lang='lat' dir='ltr'><strong>hae</strong></span> <span class='ocrx_word' id='word_1_181' title='bbox 1173 2785 1251 2828; x_wconf 90' lang='lat' dir='ltr'><strong>voce</strong></span> <span class='ocrx_word' id='word_1_182' title='bbox 1283 2786 1396 2848; x_wconf 91' lang='lat' dir='ltr'><strong>parum</strong></span> <span class='ocrx_word' id='word_1_183' title='bbox 1432 2767 1552 2830; x_wconf 87' lang='lat' dir='ltr'><strong>usitata</strong></span> <span class='ocrx_word' id='word_1_184' title='bbox 1582 2767 1758 2831; x_wconf 84' lang='lat' dir='ltr'><strong>cohaerent</strong></span> <span class='ocrx_word' id='word_1_185' title='bbox 1780 2763 1945 2854; x_wconf 77' lang='grc' dir='ltr'><strong><em>φαταλιά,</em></strong></span> 
     </span>
     <span class='ocr_line' id='line_1_20' title="bbox 558 2867 1946 2964; baseline 0 -23"><span class='ocrx_word' id='word_1_186' title='bbox 558 2872 796 2964; x_wconf 57' lang='lat' dir='ltr'><strong>perol-arog,</strong></span> <span class='ocrx_word' id='word_1_187' title='bbox 842 2867 1067 2951; x_wconf 63' lang='lat' dir='ltr'><strong>lacellos,</strong></span> <span class='ocrx_word' id='word_1_188' title='bbox 1111 2872 1357 2952; x_wconf 81' lang='grc' dir='ltr'><strong><em>λεπ-τ-αλέο-ς,</em></strong></span> <span class='ocrx_word' id='word_1_189' title='bbox 1395 2867 1628 2952; x_wconf 58' lang='lat' dir='ltr'><strong>‹illocalia-a</strong></span> <span class='ocrx_word' id='word_1_190' title='bbox 1664 2874 1719 2958; x_wconf 87' lang='lat' dir='ltr'><strong>(cf.</strong></span> <span class='ocrx_word' id='word_1_191' title='bbox 1754 2877 1946 2960; x_wconf 73' lang='lat' dir='ltr'><strong>tva-lalere),</strong></span> 
     </span>
     <span class='ocr_line' id='line_1_21' title="bbox 561 2982 1946 3069; baseline 0.001 -19"><span class='ocrx_word' id='word_1_192' title='bbox 561 2987 699 3069; x_wconf 83' lang='lat' dir='ltr'><strong>denique</strong></span> <span class='ocrx_word' id='word_1_193' title='bbox 728 2985 938 3066; x_wconf 79' lang='grc' dir='ltr'><strong><em>σχέ-τ-λιο-ς,</em></strong></span> <span class='ocrx_word' id='word_1_194' title='bbox 970 2985 1054 3068; x_wconf 91' lang='lat' dir='ltr'><strong>quod</strong></span> <span class='ocrx_word' id='word_1_195' title='bbox 1085 2985 1187 3051; x_wconf 89' lang='lat' dir='ltr'><strong>vocali</strong></span> <span class='ocrx_word' id='word_1_196' title='bbox 1219 2991 1295 3051; x_wconf 89' lang='lat' dir='ltr'><strong>ante</strong></span> <span class='ocrx_word' id='word_1_197' title='bbox 1322 2982 1343 3047; x_wconf 80' lang='grc' dir='ltr'><strong><em>λ</em></strong></span> <span class='ocrx_word' id='word_1_198' title='bbox 1369 2985 1476 3068; x_wconf 88' lang='lat' dir='ltr'><strong>posita</strong></span> <span class='ocrx_word' id='word_1_199' title='bbox 1504 2992 1603 3050; x_wconf 87' lang='lat' dir='ltr'><strong>caret.</strong></span> <span class='ocrx_word' id='word_1_200' title='bbox 1646 2987 1717 3050; x_wconf 91' lang='lat' dir='ltr'><strong>Hoc</strong></span> <span class='ocrx_word' id='word_1_201' title='bbox 1743 2987 1796 3050; x_wconf 82' lang='lat' dir='ltr'><strong>vix</strong></span> <span class='ocrx_word' id='word_1_202' title='bbox 1825 2987 1946 3068; x_wconf 86' lang='lat' dir='ltr'><strong>dubito,</strong></span> 
     </span>
     <span class='ocr_line' id='line_1_22' title="bbox 561 3095 1947 3180; baseline 0 -20"><span class='ocrx_word' id='word_1_203' title='bbox 561 3097 638 3180; x_wconf 92' lang='lat' dir='ltr'><strong>quin</strong></span> <span class='ocrx_word' id='word_1_204' title='bbox 661 3095 880 3180; x_wconf 80' lang='lat' dir='ltr'><strong>lexicographi</strong></span> <span class='ocrx_word' id='word_1_205' title='bbox 903 3096 1005 3160; x_wconf 86' lang='lat' dir='ltr'><strong>nostri</strong></span> <span class='ocrx_word' id='word_1_206' title='bbox 1020 3103 1107 3160; x_wconf 89' lang='lat' dir='ltr'><strong>recte</strong></span> <span class='ocrx_word' id='word_1_207' title='bbox 1124 3117 1196 3160; x_wconf 91' lang='lat' dir='ltr'><strong>eum</strong></span> <span class='ocrx_word' id='word_1_208' title='bbox 1212 3101 1300 3176; x_wconf 80' lang='grc' dir='ltr'><em>σχεῖν</em></span> <span class='ocrx_word' id='word_1_209' title='bbox 1315 3097 1546 3178; x_wconf 83' lang='lat' dir='ltr'><strong>conjunxerint,</strong></span> <span class='ocrx_word' id='word_1_210' title='bbox 1569 3096 1602 3160; x_wconf 91' lang='lat' dir='ltr'><strong>id</strong></span> <span class='ocrx_word' id='word_1_211' title='bbox 1619 3103 1669 3161; x_wconf 89' lang='lat' dir='ltr'><strong>est</strong></span> <span class='ocrx_word' id='word_1_212' title='bbox 1683 3117 1756 3160; x_wconf 91' lang='lat' dir='ltr'><strong>oum</strong></span> <span class='ocrx_word' id='word_1_213' title='bbox 1771 3117 1810 3161; x_wconf 86' lang='lat' dir='ltr'><strong>ea</strong></span> <span class='ocrx_word' id='word_1_214' title='bbox 1829 3097 1947 3176; x_wconf 85' lang='lat' dir='ltr'><strong>radice,</strong></span> 
     </span>
    </p>
   </div>
   <div class='ocr_carea' id='block_1_3' title="bbox 559 3203 2070 3294">
    <p class='ocr_par' dir='ltr' id='par_1_3' title="bbox 559 3203 2070 3294">
     <span class='ocr_line' id='line_1_23' title="bbox 559 3203 2070 3294; baseline 0 -22"><span class='ocrx_word' id='word_1_215' title='bbox 559 3227 640 3291; x_wconf 84' lang='lat' dir='ltr'><strong>quae</strong></span> <span class='ocrx_word' id='word_1_216' title='bbox 663 3208 826 3272; x_wconf 87' lang='lat' dir='ltr'><strong>vocabulis</strong></span> <span class='ocrx_word' id='word_1_217' title='bbox 850 3205 954 3286; x_wconf 81' lang='grc' dir='ltr'><em>σχὲ-ς,</em></span> <span class='ocrx_word' id='word_1_218' title='bbox 978 3203 1131 3286; x_wconf 83' lang='grc' dir='ltr'><strong><em>σχέ-σι-ς,</em></strong></span> <span class='ocrx_word' id='word_1_219' title='bbox 1161 3203 1306 3287; x_wconf 72' lang='lat' dir='ltr'><strong>oxa-clav,</strong></span> <span class='ocrx_word' id='word_1_220' title='bbox 1335 3207 1474 3292; x_wconf 62' lang='grc' dir='ltr'><strong><em>σχῇ-μα,</em></strong></span> <span class='ocrx_word' id='word_1_221' title='bbox 1499 3205 1609 3294; x_wconf 65' lang='lat' dir='ltr'><strong>exo-lv}</strong></span> <span class='ocrx_word' id='word_1_222' title='bbox 1634 3208 1802 3292; x_wconf 86' lang='lat' dir='ltr'><strong>supposita</strong></span> <span class='ocrx_word' id='word_1_223' title='bbox 1824 3213 1890 3282; x_wconf 84' lang='lat' dir='ltr'><strong>est,</strong></span> <span class='ocrx_word' id='word_1_224' title='bbox 1909 3213 1948 3274; x_wconf 86' lang='lat' dir='ltr'><strong>ut</strong></span> <span class='ocrx_word' id='word_1_225' title='bbox 2066 3239 2070 3246; x_wconf 96' lang='lat'>·</span> 
     </span>
    </p>
   </div>
   <div class='ocr_carea' id='block_1_4' title="bbox 554 3317 1948 4837">
    <p class='ocr_par' dir='ltr' id='par_1_4' title="bbox 554 3317 1948 4837">
     <span class='ocr_line' id='line_1_24' title="bbox 563 3317 1769 3400; baseline 0 -18"><span class='ocrx_word' id='word_1_226' title='bbox 563 3319 655 3400; x_wconf 91' lang='lat' dir='ltr'><strong>quasi</strong></span> <span class='ocrx_word' id='word_1_227' title='bbox 679 3318 887 3394; x_wconf 76' lang='lat' dir='ltr'><strong>retentulum</strong></span> <span class='ocrx_word' id='word_1_228' title='bbox 910 3323 948 3381; x_wconf 91' lang='lat' dir='ltr'><strong>ut</strong></span> <span class='ocrx_word' id='word_1_229' title='bbox 969 3318 1016 3380; x_wconf 89' lang='lat' dir='ltr'><strong>ita</strong></span> <span class='ocrx_word' id='word_1_230' title='bbox 1038 3317 1151 3392; x_wconf 82' lang='lat' dir='ltr'><strong>dicam,</strong></span> <span class='ocrx_word' id='word_1_231' title='bbox 1174 3317 1224 3380; x_wconf 92' lang='lat' dir='ltr'><strong>vel</strong></span> <span class='ocrx_word' id='word_1_232' title='bbox 1247 3317 1360 3380; x_wconf 84' lang='lat' dir='ltr'><strong>durum</strong></span> <span class='ocrx_word' id='word_1_233' title='bbox 1383 3317 1512 3398; x_wconf 90' lang='lat' dir='ltr'><strong>proprie</strong></span> <span class='ocrx_word' id='word_1_234' title='bbox 1536 3317 1769 3400; x_wconf 84' lang='lat' dir='ltr'><strong>significaverit</strong></span> 
     </span>
     <span class='ocr_line' id='line_1_25' title="bbox 647 3423 1947 3511; baseline 0 -19"><span class='ocrx_word' id='word_1_235' title='bbox 647 3429 896 3511; x_wconf 84' lang='lat' dir='ltr'><strong>Adjeclivorum‚</strong></span> <span class='ocrx_word' id='word_1_236' title='bbox 920 3427 959 3490; x_wconf 77' lang='lat' dir='ltr'><strong>(le</strong></span> <span class='ocrx_word' id='word_1_237' title='bbox 983 3427 1099 3509; x_wconf 87' lang='lat' dir='ltr'><strong>quibus</strong></span> <span class='ocrx_word' id='word_1_238' title='bbox 1122 3423 1238 3508; x_wconf 86' lang='lat' dir='ltr'><strong>agitur,</strong></span> <span class='ocrx_word' id='word_1_239' title='bbox 1261 3426 1326 3491; x_wconf 91' lang='lat' dir='ltr'><strong>alia</strong></span> <span class='ocrx_word' id='word_1_240' title='bbox 1340 3427 1515 3492; x_wconf 88' lang='lat' dir='ltr'><strong>verbalium</strong></span> <span class='ocrx_word' id='word_1_241' title='bbox 1532 3429 1671 3511; x_wconf 86' lang='lat' dir='ltr'><strong>speciem</strong></span> <span class='ocrx_word' id='word_1_242' title='bbox 1687 3449 1764 3510; x_wconf 88' lang='lat' dir='ltr'><strong>prae</strong></span> <span class='ocrx_word' id='word_1_243' title='bbox 1780 3449 1814 3492; x_wconf 88' lang='lat' dir='ltr'><strong>se</strong></span> <span class='ocrx_word' id='word_1_244' title='bbox 1829 3426 1947 3506; x_wconf 82' lang='lat' dir='ltr'><strong>ferunt,</strong></span> 
     </span>
     <span class='ocr_line' id='line_1_26' title="bbox 562 3529 1947 3626; baseline 0.001 -26"><span class='ocrx_word' id='word_1_245' title='bbox 562 3538 626 3602; x_wconf 88' lang='lat' dir='ltr'><strong>ulia</strong></span> <span class='ocrx_word' id='word_1_246' title='bbox 648 3539 968 3602; x_wconf 85' lang='lat' dir='ltr'><strong>denominativorum.</strong></span> <span class='ocrx_word' id='word_1_247' title='bbox 999 3537 1081 3601; x_wconf 87' lang='lat' dir='ltr'><strong>Nam</strong></span> <span class='ocrx_word' id='word_1_248' title='bbox 1103 3535 1279 3622; x_wconf 63' lang='lat' dir='ltr'><strong>pella-los,</strong></span> <span class='ocrx_word' id='word_1_249' title='bbox 1304 3532 1451 3617; x_wconf 49' lang='lat' dir='ltr'><strong>‹lev-lta,</strong></span> <span class='ocrx_word' id='word_1_250' title='bbox 1473 3534 1669 3620; x_wconf 78' lang='grc' dir='ltr'><strong><em>τροχ-αλό·ς,</em></strong></span> <span class='ocrx_word' id='word_1_251' title='bbox 1692 3529 1947 3626; x_wconf 53' lang='grc' dir='ltr'><strong><em>εὖ-τράπαλας,</em></strong></span> 
     </span>
     <span class='ocr_line' id='line_1_27' title="bbox 560 3639 1944 3736; baseline 0 -24"><span class='ocrx_word' id='word_1_252' title='bbox 560 3639 789 3727; x_wconf 80' lang='grc' dir='ltr'><strong><em>ἆ-εικ-έλιο-ς,</em></strong></span> <span class='ocrx_word' id='word_1_253' title='bbox 812 3646 1028 3736; x_wconf 80' lang='grc' dir='ltr'><strong><em>ῥωγ·αλέο-ς,</em></strong></span> <span class='ocrx_word' id='word_1_254' title='bbox 1045 3643 1246 3733; x_wconf 55' lang='lat' dir='ltr'><strong>vago—altos,</strong></span> <span class='ocrx_word' id='word_1_255' title='bbox 1269 3650 1440 3722; x_wconf 75' lang='lat' dir='ltr'><strong>cred-ulus,</strong></span> <span class='ocrx_word' id='word_1_256' title='bbox 1462 3650 1609 3727; x_wconf 67' lang='lat' dir='ltr'><strong>bibula-s,</strong></span> <span class='ocrx_word' id='word_1_257' title='bbox 1631 3651 1763 3728; x_wconf 73' lang='lat' dir='ltr'><strong>fac-ilie,</strong></span> <span class='ocrx_word' id='word_1_258' title='bbox 1778 3647 1944 3733; x_wconf 51' lang='lat' dir='ltr'><strong>flebili-s,</strong></span> 
     </span>
     <span class='ocr_line' id='line_1_28' title="bbox 557 3755 1945 3840; baseline 0 -18"><span class='ocrx_word' id='word_1_259' title='bbox 557 3761 714 3836; x_wconf 57' lang='lat' dir='ltr'><strong>aci-belia,</strong></span> <span class='ocrx_word' id='word_1_260' title='bbox 738 3761 905 3837; x_wconf 70' lang='lat' dir='ltr'><strong>‹luo-telle,</strong></span> <span class='ocrx_word' id='word_1_261' title='bbox 936 3759 1110 3822; x_wconf 67' lang='lat' dir='ltr'><strong>soon-salia</strong></span> <span class='ocrx_word' id='word_1_262' title='bbox 1137 3757 1280 3823; x_wconf 85' lang='lat' dir='ltr'><strong>verbalia</strong></span> <span class='ocrx_word' id='word_1_263' title='bbox 1307 3779 1375 3824; x_wconf 84' lang='lat' dir='ltr'><strong>esse</strong></span> <span class='ocrx_word' id='word_1_264' title='bbox 1403 3759 1559 3824; x_wconf 86' lang='lat' dir='ltr'><strong>videntur.</strong></span> <span class='ocrx_word' id='word_1_265' title='bbox 1601 3755 1799 3840; x_wconf 61' lang='lat' dir='ltr'><strong>phaaroth-g</strong></span> <span class='ocrx_word' id='word_1_266' title='bbox 1833 3763 1945 3824; x_wconf 75' lang='lat' dir='ltr'><strong>contra</strong></span> 
     </span>
     <span class='ocr_line' id='line_1_29' title="bbox 559 3863 1946 3958; baseline -0.001 -26"><span class='ocrx_word' id='word_1_267' title='bbox 559 3874 593 3932; x_wconf 86' lang='lat' dir='ltr'><strong>et</strong></span> <span class='ocrx_word' id='word_1_268' title='bbox 614 3870 754 3947; x_wconf 69' lang='lat' dir='ltr'><strong>humili-a,</strong></span> <span class='ocrx_word' id='word_1_269' title='bbox 773 3863 917 3952; x_wconf 69' lang='lat' dir='ltr'><strong>epoto-r</strong></span> <span class='ocrx_word' id='word_1_270' title='bbox 932 3876 964 3935; x_wconf 88' lang='lat' dir='ltr'><strong>et</strong></span> <span class='ocrx_word' id='word_1_271' title='bbox 978 3871 1101 3945; x_wconf 70' lang='lat' dir='ltr'><strong>sinuli-s,</strong></span> <span class='ocrx_word' id='word_1_272' title='bbox 1124 3868 1324 3956; x_wconf 78' lang='grc' dir='ltr'><strong><em>ψωραλέα-ς</em></strong></span> <span class='ocrx_word' id='word_1_273' title='bbox 1339 3875 1372 3934; x_wconf 86' lang='lat' dir='ltr'><strong>et</strong></span> <span class='ocrx_word' id='word_1_274' title='bbox 1390 3872 1509 3946; x_wconf 69' lang='lat' dir='ltr'><strong>vae’rtlie,</strong></span> <span class='ocrx_word' id='word_1_275' title='bbox 1534 3867 1726 3958; x_wconf 77' lang='grc' dir='ltr'><strong><em>κερδαλέος,</em></strong></span> <span class='ocrx_word' id='word_1_276' title='bbox 1748 3867 1946 3956; x_wconf 66' lang='grc' dir='ltr'><strong><em>θαρσαλέος,</em></strong></span> 
     </span>
     <span class='ocr_line' id='line_1_30' title="bbox 559 3976 1946 4066; baseline -0.001 -23"><span class='ocrx_word' id='word_1_277' title='bbox 559 3976 743 4066; x_wconf 62' lang='lat' dir='ltr'><strong>yae-oleos</strong></span> <span class='ocrx_word' id='word_1_278' title='bbox 765 3987 796 4044; x_wconf 88' lang='lat' dir='ltr'><strong>et</strong></span> <span class='ocrx_word' id='word_1_279' title='bbox 818 3981 928 4059; x_wconf 69' lang='lat' dir='ltr'><strong>senilis,</strong></span> <span class='ocrx_word' id='word_1_280' title='bbox 951 3981 1089 4056; x_wconf 75' lang='lat' dir='ltr'><strong>actile-s,</strong></span> <span class='ocrx_word' id='word_1_281' title='bbox 1110 3981 1237 4062; x_wconf 63' lang='lat' dir='ltr'><strong>parili-s,</strong></span> <span class='ocrx_word' id='word_1_282' title='bbox 1259 3983 1403 4066; x_wconf 71' lang='lat' dir='ltr'><strong>aequali-s</strong></span> <span class='ocrx_word' id='word_1_283' title='bbox 1424 4001 1490 4044; x_wconf 88' lang='lat' dir='ltr'><strong>non</strong></span> <span class='ocrx_word' id='word_1_284' title='bbox 1511 3986 1648 4063; x_wconf 84' lang='lat' dir='ltr'><strong>possunt</strong></span> <span class='ocrx_word' id='word_1_285' title='bbox 1669 3999 1734 4044; x_wconf 89' lang='lat' dir='ltr'><strong>nou</strong></span> <span class='ocrx_word' id='word_1_286' title='bbox 1758 3999 1828 4044; x_wconf 85' lang='lat' dir='ltr'><strong>esse</strong></span> <span class='ocrx_word' id='word_1_287' title='bbox 1849 3977 1946 4043; x_wconf 85' lang='lat' dir='ltr'><strong>deno-</strong></span> 
     </span>
     <span class='ocr_line' id='line_1_31' title="bbox 557 4089 1947 4174; baseline 0.001 -20"><span class='ocrx_word' id='word_1_288' title='bbox 557 4090 718 4154; x_wconf 87' lang='lat' dir='ltr'><strong>minativa.</strong></span> <span class='ocrx_word' id='word_1_289' title='bbox 749 4091 853 4154; x_wconf 87' lang='lat' dir='ltr'><strong>Etiam</strong></span> <span class='ocrx_word' id='word_1_290' title='bbox 877 4091 910 4154; x_wconf 92' lang='lat' dir='ltr'><strong>in</strong></span> <span class='ocrx_word' id='word_1_291' title='bbox 934 4089 1098 4156; x_wconf 86' lang='lat' dir='ltr'><strong>Sansorita</strong></span> <span class='ocrx_word' id='word_1_292' title='bbox 1118 4089 1227 4172; x_wconf 90' lang='lat' dir='ltr'><strong>lingua</strong></span> <span class='ocrx_word' id='word_1_293' title='bbox 1249 4097 1377 4172; x_wconf 84' lang='lat' dir='ltr'><strong>praeter</strong></span> <span class='ocrx_word' id='word_1_294' title='bbox 1400 4111 1446 4168; x_wconf 85' lang='lat' dir='ltr'><strong>ea,</strong></span> <span class='ocrx_word' id='word_1_295' title='bbox 1470 4111 1553 4174; x_wconf 88' lang='lat' dir='ltr'><strong>quae</strong></span> <span class='ocrx_word' id='word_1_296' title='bbox 1576 4111 1674 4173; x_wconf 87' lang='lat' dir='ltr'><strong>supra</strong></span> <span class='ocrx_word' id='word_1_297' title='bbox 1695 4089 1799 4163; x_wconf 85' lang='lat' dir='ltr'><strong>attuli,</strong></span> <span class='ocrx_word' id='word_1_298' title='bbox 1821 4091 1947 4154; x_wconf 72' lang='lat' dir='ltr'><strong>rurale-s</strong></span> 
     </span>
     <span class='ocr_line' id='line_1_32' title="bbox 558 4183 1945 4286; baseline -0.001 -20"><span class='ocrx_word' id='word_1_299' title='bbox 558 4206 591 4266; x_wconf 89' lang='lat' dir='ltr'><strong>et</strong></span> <span class='ocrx_word' id='word_1_300' title='bbox 626 4222 709 4284; x_wconf 90' lang='lat' dir='ltr'><strong>quae</strong></span> <span class='ocrx_word' id='word_1_301' title='bbox 743 4183 820 4266; x_wconf 82' lang='lat' dir='ltr'><strong>sunt</strong></span> <span class='ocrx_word' id='word_1_302' title='bbox 858 4201 989 4280; x_wconf 83' lang='lat' dir='ltr'><strong>similia,</strong></span> <span class='ocrx_word' id='word_1_303' title='bbox 1025 4201 1228 4266; x_wconf 86' lang='lat' dir='ltr'><strong>inveniuntur</strong></span> <span class='ocrx_word' id='word_1_304' title='bbox 1262 4202 1341 4278; x_wconf 83' lang='lat' dir='ltr'><strong>alia,</strong></span> <span class='ocrx_word' id='word_1_305' title='bbox 1375 4201 1469 4266; x_wconf 82' lang='lat' dir='ltr'><strong>velut‘</strong></span> <span class='ocrx_word' id='word_1_306' title='bbox 1500 4202 1659 4286; x_wconf 60' lang='lat' dir='ltr'><strong>paripate-s</strong></span> <span class='ocrx_word' id='word_1_307' title='bbox 1697 4199 1945 4282; x_wconf 83' lang='lat' dir='ltr'><strong>pulverulentus,</strong></span> 
     </span>
     <span class='ocr_line' id='line_1_33' title="bbox 554 4310 1946 4396; baseline 0 -23"><span class='ocrx_word' id='word_1_308' title='bbox 554 4312 712 4396; x_wconf 70' lang='lat' dir='ltr'><strong>planata-s</strong></span> <span class='ocrx_word' id='word_1_309' title='bbox 740 4333 922 4396; x_wconf 83' lang='lat' dir='ltr'><strong>spumosus,</strong></span> <span class='ocrx_word' id='word_1_310' title='bbox 956 4333 996 4376; x_wconf 89' lang='lat' dir='ltr'><strong>ex</strong></span> <span class='ocrx_word' id='word_1_311' title='bbox 1021 4312 1180 4378; x_wconf 90' lang='lat' dir='ltr'><strong>nominum</strong></span> <span class='ocrx_word' id='word_1_312' title='bbox 1208 4311 1361 4395; x_wconf 87' lang='lat' dir='ltr'><strong>stirpibus</strong></span> <span class='ocrx_word' id='word_1_313' title='bbox 1390 4311 1543 4376; x_wconf 87' lang='lat' dir='ltr'><strong>derivata.</strong></span> <span class='ocrx_word' id='word_1_314' title='bbox 1587 4310 1707 4376; x_wconf 87' lang='lat' dir='ltr'><strong>Verum</strong></span> <span class='ocrx_word' id='word_1_315' title='bbox 1736 4329 1800 4376; x_wconf 91' lang='lat' dir='ltr'><strong>non</strong></span> <span class='ocrx_word' id='word_1_316' title='bbox 1826 4310 1946 4393; x_wconf 89' lang='lat' dir='ltr'><strong>ubique</strong></span> 
     </span>
     <span class='ocr_line' id='line_1_34' title="bbox 557 4419 1945 4507; baseline -0.001 -21"><span class='ocrx_word' id='word_1_317' title='bbox 557 4421 659 4487; x_wconf 86' lang='lat' dir='ltr'><strong>facilis</strong></span> <span class='ocrx_word' id='word_1_318' title='bbox 682 4429 732 4487; x_wconf 89' lang='lat' dir='ltr'><strong>est</strong></span> <span class='ocrx_word' id='word_1_319' title='bbox 755 4423 921 4507; x_wconf 91' lang='lat' dir='ltr'><strong>utriusque</strong></span> <span class='ocrx_word' id='word_1_320' title='bbox 944 4423 1054 4488; x_wconf 87' lang='lat' dir='ltr'><strong>classis</strong></span> <span class='ocrx_word' id='word_1_321' title='bbox 1077 4421 1255 4500; x_wconf 82' lang='lat' dir='ltr'><strong>distinctio,</strong></span> <span class='ocrx_word' id='word_1_322' title='bbox 1284 4424 1316 4486; x_wconf 90' lang='lat' dir='ltr'><strong>in</strong></span> <span class='ocrx_word' id='word_1_323' title='bbox 1339 4443 1404 4505; x_wconf 93' lang='lat' dir='ltr'><strong>qua</strong></span> <span class='ocrx_word' id='word_1_324' title='bbox 1425 4443 1484 4488; x_wconf 88' lang='lat' dir='ltr'><strong>nec</strong></span> <span class='ocrx_word' id='word_1_325' title='bbox 1513 4422 1762 4504; x_wconf 83' lang='lat' dir='ltr'><strong>significatione,</strong></span> <span class='ocrx_word' id='word_1_326' title='bbox 1793 4441 1853 4486; x_wconf 90' lang='lat' dir='ltr'><strong>nec</strong></span> <span class='ocrx_word' id='word_1_327' title='bbox 1882 4419 1945 4504; x_wconf 81' lang='lat' dir='ltr'><strong>syl-</strong></span> 
     </span>
     <span class='ocr_line' id='line_1_35' title="bbox 558 4523 1948 4618; baseline 0 -24"><span class='ocrx_word' id='word_1_328' title='bbox 558 4529 707 4598; x_wconf 87' lang='lat' dir='ltr'><strong>labarum</strong></span> <span class='ocrx_word' id='word_1_329' title='bbox 723 4534 983 4598; x_wconf 88' lang='lat' dir='ltr'><strong>iutermediarum</strong></span> <span class='ocrx_word' id='word_1_330' title='bbox 996 4533 1176 4614; x_wconf 87' lang='lat' dir='ltr'><strong>quantitate</strong></span> <span class='ocrx_word' id='word_1_331' title='bbox 1192 4533 1270 4597; x_wconf 88' lang='lat' dir='ltr'><strong>eatis</strong></span> <span class='ocrx_word' id='word_1_332' title='bbox 1285 4533 1483 4616; x_wconf 88' lang='lat' dir='ltr'><strong>adjuvamur.</strong></span> <span class='ocrx_word' id='word_1_333' title='bbox 1504 4525 1688 4618; x_wconf 67' lang='lat' dir='ltr'><strong>hanepha-9</strong></span> <span class='ocrx_word' id='word_1_334' title='bbox 1699 4537 1732 4596; x_wconf 87' lang='lat' dir='ltr'><strong>et</strong></span> <span class='ocrx_word' id='word_1_335' title='bbox 1747 4523 1948 4616; x_wconf 65' lang='grc' dir='ltr'><strong><em>ἀπατήλια-ς</em></strong></span> 
     </span>
     <span class='ocr_line' id='line_1_36' title="bbox 558 4634 1946 4731; baseline -0.001 -25"><span class='ocrx_word' id='word_1_336' title='bbox 558 4647 594 4706; x_wconf 87' lang='lat' dir='ltr'><strong>el</strong></span> <span class='ocrx_word' id='word_1_337' title='bbox 616 4634 770 4731; x_wconf 62' lang='lat' dir='ltr'><strong>crypta-g</strong></span> <span class='ocrx_word' id='word_1_338' title='bbox 792 4643 894 4726; x_wconf 90' lang='lat' dir='ltr'><strong>(Pind.</strong></span> <span class='ocrx_word' id='word_1_339' title='bbox 918 4640 1067 4728; x_wconf 81' lang='grc' dir='ltr'><strong><em>σιγᾶλός)</em></strong></span> <span class='ocrx_word' id='word_1_340' title='bbox 1090 4667 1110 4729; x_wconf 89' lang='grc' dir='ltr'><em>η</em></span> <span class='ocrx_word' id='word_1_341' title='bbox 1133 4663 1225 4706; x_wconf 89' lang='lat' dir='ltr'><strong>suum</strong></span> <span class='ocrx_word' id='word_1_342' title='bbox 1247 4642 1426 4709; x_wconf 88' lang='lat' dir='ltr'><strong>nominibus</strong></span> <span class='ocrx_word' id='word_1_343' title='bbox 1457 4663 1539 4727; x_wconf 86' lang='lat' dir='ltr'><strong>quae</strong></span> <span class='ocrx_word' id='word_1_344' title='bbox 1569 4648 1643 4707; x_wconf 88' lang='lat' dir='ltr'><strong>sunt</strong></span> <span class='ocrx_word' id='word_1_345' title='bbox 1673 4634 1787 4729; x_wconf 77' lang='grc' dir='ltr'><strong><em>ἀπάτη</em></strong></span> <span class='ocrx_word' id='word_1_346' title='bbox 1810 4645 1844 4706; x_wconf 92' lang='lat' dir='ltr'><strong>et</strong></span> <span class='ocrx_word' id='word_1_347' title='bbox 1870 4637 1946 4726; x_wconf 76' lang='grc' dir='ltr'><strong>σιγή</strong></span> 
     </span>
     <span class='ocr_line' id='line_1_37' title="bbox 558 4751 1945 4837; baseline -0.004 -19"><span class='ocrx_word' id='word_1_348' title='bbox 558 4751 676 4818; x_wconf 91' lang='lat' dir='ltr'><strong>debere</strong></span> <span class='ocrx_word' id='word_1_349' title='bbox 710 4753 877 4829; x_wconf 88' lang='lat' dir='ltr'><strong>videntur,</strong></span> <span class='ocrx_word' id='word_1_350' title='bbox 917 4754 1030 4820; x_wconf 87' lang='lat' dir='ltr'><strong>eadem</strong></span> <span class='ocrx_word' id='word_1_351' title='bbox 1069 4753 1159 4836; x_wconf 88' lang='lat' dir='ltr'><strong>origo</strong></span> <span class='ocrx_word' id='word_1_352' title='bbox 1191 4773 1260 4818; x_wconf 90' lang='lat' dir='ltr'><strong>esse</strong></span> <span class='ocrx_word' id='word_1_353' title='bbox 1293 4758 1402 4836; x_wconf 89' lang='lat' dir='ltr'><strong>potest</strong></span> <span class='ocrx_word' id='word_1_354' title='bbox 1440 4753 1583 4837; x_wconf 86' lang='lat' dir='ltr'><strong>ejusdem</strong></span> <span class='ocrx_word' id='word_1_355' title='bbox 1616 4752 1734 4818; x_wconf 89' lang='lat' dir='ltr'><strong>vocalis</strong></span> <span class='ocrx_word' id='word_1_356' title='bbox 1766 4753 1799 4816; x_wconf 92' lang='lat' dir='ltr'><strong>in</strong></span> <span class='ocrx_word' id='word_1_357' title='bbox 1831 4751 1945 4816; x_wconf 87' lang='lat' dir='ltr'><strong>Latino</strong></span> 
     </span>
    </p>
   </div>
   <div class='ocr_carea' id='block_1_5' title="bbox 0 0 2264 5894">
    <p class='ocr_par' dir='ltr' id='par_1_5' title="bbox 0 0 2264 5894">
     <span class='ocr_line' id='line_1_38' title="bbox 0 0 2264 5894; baseline 0 0"><span class='ocrx_word' id='word_1_358' title='bbox 0 0 2264 5894; x_wconf 95' lang='lat' dir='ltr'><strong> </strong></span> 
     </span>
    </p>
   </div>
  </div>
 </body>
</html>
