4444 5866
1150 105 1192 158 vt

230 333 365 430 guium
401 332 469 404 arti
493 355 628 428 parum
655 327 742 402 fidei
769 327 942 400 babeant.
997 324 1133 402 Collum
1166 328 1265 402 enim
1300 325 1495 418 oleariam,
1528 327 1729 418 vinariam,
1760 329 1952 426 panariam
1978 327 2101 408 Italias'

230 479 417 578 agricolae
443 503 521 551 non
548 476 669 549 minus
696 475 869 548 refertam
896 475 968 547 sibi
995 476 1205 573 cupiebant,
1233 499 1344 572 quam
1369 473 1527 548 Hesiodi
1553 475 1726 572 aequales
1751 476 1879 576 ιιιιλιιὶι,
1904 501 1975 550 nec
1996 478 2102 556 aliam

231 611 281 699 ob
309 650 459 698 causam
486 621 614 721 Capua
646 623 740 696 cella
775 635 884 718 atque
919 619 1094 696 horreum
1122 621 1303 720 Campani
1337 622 1416 720 agri
1442 621 1642 713 diotaest,
1668 623 1740 695 nisi
1767 615 1946 719 quodibi
1972 625 2103 700 conde·

230 773 367 844 bantur
394 795 488 869 quae
514 769 742 844 fertilissima
766 771 870 866 regio
896 769 1112 866 protulerat.
1152 767 1195 842 In
1222 769 1325 842 cellis
1352 779 1547 866 praeterea
1573 771 1672 842 servi
1693 770 1924 863 habitabant,
1946 782 1989 844 ut
2007 771 2103 868 apud

229 919 395 991 comicos
427 916 637 990 invenimus
671 915 733 1012 qui
764 923 794 992 ἐν
821 917 927 1012 ιιιιλιῷ
957 916 1018 988 vel
1043 919 1074 994 ιί
1098 911 1233 1013 nutrita
1260 913 1449 1012 degerent.
1501 915 1640 988 Avium
1665 917 1927 1014 plerarumque
1955 915 2101 1014 quidem

102 1159 104 1166 Α
229 1087 325 1161 quae
351 1064 499 1136 clausae
524 1061 750 1134 tenebantur
775 1087 853 1134 non
880 1063 1007 1153 cellae,
1034 1059 1101 1136 sed
1127 1087 1264 1135 caveas
1291 1062 1451 1152 fuerunt,
1479 1085 1653 1134 anserum
1678 1087 1770 1134 vero
1793 1072 1830 1135 et
1850 1062 2104 1135 columbarum

227 1211 361 1300 cellae,
389 1233 546 1306 quarum
573 1217 667 1306 quae
694 1209 732 1282 in
758 1209 893 1306 tegulis
920 1208 1102 1282 columbis
1129 1208 1419 1282 exstruebantur
1451 1219 1611 1306 possunt
1642 1233 1726 1281 cum
1761 1207 1890 1282 nidulo
1917 1207 1982 1283 illo
2009 1234 2104 1282 com·

229 1357 353 1454 parari
387 1356 527 1452 quoin
553 1355 687 1428 arbore
715 1355 839 1452 posito
866 1354 1087 1430 Theocritus
1114 1380 1366 1428 ecunacum
1393 1355 1535 1428 amasio
1562 1355 1747 1428 inclusum
1774 1355 1884 1452 eupit.
1936 1353 2105 1450 Denique

228 1516 271 1577 ut
304 1503 403 1601 apud
443 1499 607 1578 Graecos
645 1511 767 1578 ιιιιλιιιί
787 1501 904 1604 ξυλιιιί
935 1533 1007 1580 trra
1037 1503 1232 1608 περιέχονται
1270 1503 1469 1602 ιὶγιίλμιιτιι
1507 1498 1640 1580 εἰδώλων
1678 1513 1716 1576 ct
1752 1498 1913 1588 ιιιιλιιὲδις
1945 1501 2105 1574 deorum

228 1651 390 1740 fuerunt,
417 1649 469 1722 ita
494 1648 594 1746 apud
621 1647 812 1724 Romanos
838 1650 964 1722 cellae.
1005 1647 1108 1737 Quae
1136 1674 1220 1722 cum
1247 1651 1298 1722 ita
1325 1650 1408 1740 sint,
1436 1675 1459 1722 a
1484 1675 1576 1724 vero
1602 1676 1672 1724 nos
1699 1675 1777 1724 non
1804 1649 1979 1724 aberrare
2005 1659 2105 1747 puto,

227 1797 261 1872 si
295 1808 492 1893 utrumque
527 1793 753 1868 vocabulum
791 1795 838 1870 ab
865 1821 940 1870 una
975 1794 1179 1892 eademque
1214 1795 1328 1892 stirpe
1362 1795 1564 1870 formatum
1591 1807 1628 1870 et
1653 1821 1676 1868 a
1701 1796 1879 1894 simplicis
1906 1794 2105 1882 aediculae,

227 1943 398 2039 frugibus
424 1931 637 2014 *condendis
672 1952 895 2034 exstructae,
929 1942 1084 2016 notione
1117 1941 1165 2014 ad
1197 1943 1379 2039 reliquum
1412 1968 1521 2016 usum
1545 1942 1766 2018 translatum
1791 1943 2002 2018 statuimus.
2054 1937 2106 2012 Ea

227 2101 354 2162 autem
394 2089 568 2164 vocabuli
606 2089 730 2186 graeci
769 2089 826 2162 vis
862 2089 964 2162 valet
996 2090 1026 2162 si
1061 2115 1139 2163 non
1161 2090 1212 2162 in
1246 2089 1419 2164 omnibus
1453 2133 1503 2146 --
1537 2116 1624 2164 nam
1651 2090 1698 2164 de
1724 2101 1916 2188 postremo
1944 2085 2103 2162 dubitari

226 2248 354 2334 potest
389 2275 435 2290 -
470 2235 508 2308 in
540 2247 715 2332 quattuor
745 2247 873 2310 tamen
905 2235 1092 2334 prioribus
1124 2235 1217 2310 locis
1251 2233 1461 2310 Hesiodeis.
1512 2234 1608 2310 Nam
1635 2261 1731 2334 quae
1758 2261 1869 2310 versu
1896 2239 1969 2308 372
1997 2231 2105 2307 nobis

227 2381 452 2456 describitur
490 2382 624 2454 mulier
663 2395 840 2479 corrupta
878 2407 921 2456 ac
947 2381 1204 2475 fraudulenta,
1240 2407 1323 2455 eam
1356 2395 1398 2457 ut
1433 2397 1565 2458 caveat
1591 2383 1814 2458 admonetur
1840 2383 2008 2482 agricola
2032 2403 2106 2453 non

227 2527 330 2626 'quod
354 2540 473 2602 totam
500 2527 654 2602 domum
680 2529 926 2628 pervestiget,
953 2530 1021 2604 sed
1047 2530 1148 2627 quod
1174 2531 1328 2620 cellam3
1353 2531 1434 2605 ,erit
1460 2543 1603 2623 autem,
1635 2531 1675 2603 ni
1700 2530 1827 2621 fallor,
1858 2528 1991 2603 similis
2018 2526 2105 2624 ejus,

226 2691 324 2774 quae
352 2687 409 2750 est
425 2675 473 2748 *in
500 2673 702 2748 Simonidis
729 2675 927 2772 Amorgini
952 2676 995 2748 fr.
1024 2677 1058 2766 6,
1085 2677 1133 2748 46

1060 2820 1164 2900 ἐσθίει
1189 2824 1248 2919 μὲν
1274 2826 1304 2898 ἐν
1327 2824 1426 2922 μύχῳ
1549 2853 1550 2860 “

644 2967 776 3075 πριιύξ,
800 2971 968 3076 recitatae,
994 2967 1099 3046 ἐσθίει
1125 2964 1151 3046 δ’
1176 2972 1227 3046 ἐπ’
1254 2972 1399 3075 ἐσχάρᾳ.

226 3111 307 3189 Nec
339 3113 493 3191 dubium
529 3139 610 3188 esse
644 3127 781 3212 potest,
809 3117 897 3212 quin
924 3103 1041 3190 Aleos
1068 3117 1130 3190 ille
1157 3117 1443 3216 Apollonianus,
1470 3128 1647 3214 nepotem
1675 3115 1874 3212 quominus
1899 3114 1990 3188 belli
2015 3107 2106 3211 peri·

229 3261 313 3334 cula
344 3261 486 3335 subiret
519 3260 784 3359 impediturus,
819 3289 923 3340 arma
954 3265 992 3338 iu
1028 3263 1155 3337 clauso
1190 3263 1313 3359 aliquo
1347 3263 1433 3334 loco
1468 3259 1756 3336 abscondiderit.
1809 3257 1984 3334 Ceterum
2011 3252 2107 3356 apud

228 3409 388 3482 rusticos
415 3407 608 3505 antiquum
633 3408 737 3488 illum
765 3408 889 3506 graeci
916 3408 1022 3482 verbi
1047 3433 1157 3482 usum
1184 3407 1339 3482 durasse
1364 3409 1471 3482 testis
1498 3417 1555 3480 est
1576 3405 1846 3480 Artemidorus.
1885 3405 2105 3501 inutraque

229 3567 355 3627 autem
392 3555 521 3652 lingua
560 3555 673 3628 etiam
706 3579 824 3652 parva
840 3639 841 3642 Ἴ
858 3553 1027 3630 aedilicia
1061 3555 1153 3630 alius
1189 3555 1337 3654 generis
1369 3555 1418 3628 ob
1452 3554 1629 3629 cellarum
1655 3553 1802 3628 illarum
1828 3551 2106 3630 similitudinem

228 3700 329 3775 idem
362 3725 502 3774 nomen
533 3713 766 3798 acceperunt.
818 3699 897 3774 Nec
931 3726 954 3773 a
988 3701 1210 3798 simplicium
1243 3701 1439 3776 bominum
1474 3711 1512 3774 et
1544 3700 1747 3799 agrestium
1772 3699 1918 3772 ratione
1945 3699 2106 3772 alienum

229 3869 312 3920 esse
344 3845 510 3936 videtur,
545 3843 785 3942 quodetiam
821 3845 891 3921 diis
923 3849 1069 3952 ιιιιλιιίς,
1100 3843 1268 3934 matilas
1299 3848 1378 3922 sive
1405 3848 1518 3922 cellas
1544 3846 1770 3921 tribuebant.
1821 3843 1907 3922 Una
1931 3846 2046 3946 igitur
2069 3841 2107 3914 in

227 3992 373 4091 graecis
399 3991 627 4065 masculinae
654 3993 797 4064 formae
827 3993 1048 4092 significatio
1075 4007 1202 4086 restat,
1229 4019 1323 4092 quae
1351 3993 1541 4092 quomodo
1568 4017 1653 4066 oum
1678 3993 1821 4089 reliquo
1842 4017 1913 4066 usu
1932 3985 2108 4089 conjungi

229 4141 349 4238 possit
373 4165 451 4212 non
478 4137 600 4213 video.
652 4141 771 4224 ιιιιλιές
798 4142 896 4214 enim
922 4143 1087 4216 numella
1113 4142 1212 4216 dieta
1243 4156 1300 4216 est
1326 4141 1387 4216 vel
1412 4145 1452 4220 ιδ
1476 4139 1575 4243 {tao
1600 4133 1625 4238 ᾧ
1650 4134 1772 4216 ἐδέοντο
1797 4145 1825 4215 ol
1850 4143 2107 4240 ι’γιιιιλοσιιελιΐς

228 4284 372 4382 (Schol.
397 4287 511 4364 Arist.
538 4285 634 4362 Plut.
662 4291 748 4382 476,
775 4286 966 4386 Hesycb.).
1018 4287 1093 4362 Sed
1127 4313 1211 4362 cum
1239 4287 1370 4362 eadem
1396 4314 1458 4362 res
1484 4289 1594 4373 κλοιός
1620 4298 1794 4378 vocetur,
1826 4286 1928 4360 haud
1954 4287 2032 4360 scio
2060 4303 2107 4356 an

230 4445 427 4530 utrumque
454 4434 679 4508 vocabulum
706 4435 753 4507 ab
780 4435 853 4508 alia
878 4435 991 4533 stirpe
1019 4445 1266 4533 propagatum
1293 4434 1350 4508 sit.

387 4578 516 4679 ltaque
552 4605 637 4654 cum
671 4579 718 4654 de
753 4607 823 4656 usu
850 4583 939 4656 satis
966 4581 1104 4656 dictum
1132 4605 1215 4656 esse
1241 4580 1431 4674 videatur,
1466 4593 1584 4656 restat
1608 4591 1651 4654 ut
1675 4579 1811 4655 horum
1837 4581 2104 4656 vocabulorum

228 4727 389 4800 formam
429 4727 669 4825 explicemus.
728 4725 823 4801 Nam
863 4730 894 4802 si
933 4729 1014 4826 quis
1054 4727 1225 4802 statuerit
1263 4730 1385 4808 ιιιιλιιίν
1420 4737 1458 4802 et
1483 4726 1617 4803 cellam
1641 4749 1796 4824 prorsus
1821 4725 1921 4800 idem
1948 4726 2103 4802 verbum

231 4897 331 4966 essa,
362 4873 396 4945 ei
423 4898 500 4946 non
526 4871 731 4970 poterimus
756 4876 939 4949 assentiri.
980 4871 1088 4960 ἄλλος
1114 4875 1213 4948 enim
1240 4887 1277 4950 et
1304 4873 1414 4966 alius,
1448 4873 1602 4974 ἅλλομαι
1635 4885 1674 4948 et
1698 4873 1790 4948 salio
1816 4873 1914 4948 inter
1940 4901 1980 4950 se
2007 4893 2102 4945 com·

228 5021 368 5118 paratis
407 5020 624 5119 intelligitur
663 5018 827 5096 Graecos
866 5022 1015 5119 saepius
1054 5022 1331 5121 geminatam).
1362 5020 1528 5096 litteram
1567 5019 1738 5118 posuisse
1777 5003 1843 5094 ubi
1880 5017 2040 5094 Romani
2077 5008 2103 5084 li

227 5169 423 5268 syllabam,
450 5169 658 5244 contrariae
684 5193 775 5243 vero
800 5167 1067 5244 vicissitudinis
1095 5167 1309 5266 exemplum
1335 5167 1496 5244 inveniri
1520 5195 1598 5242 non
1624 5181 1726 5267 puto.
1780 5166 1902 5258 Quare
1930 5179 1967 5244 et
1998 5161 2101 5242 ιιιιλιιί
