4532 5882
1166 515 1222 605 58

450 777 453 782 ·
561 735 690 840 ltaque
715 753 911 840 postquam
940 730 1114 824 vidimus,
1150 723 1238 804 duaa
1268 731 1467 833 primitivas
1497 723 1668 802 infinitivi
1701 724 1836 800 formas
1868 739 1981 798 statu·

380 927 382 932 ,
412 861 521 939 endas
548 888 639 954 esse,
668 865 854 964 quaeritur
878 855 976 932 unde
1002 857 1189 947 venerint,
1219 850 1370 956 etquid
1399 850 1446 926 de
1473 878 1506 924 cs
1531 849 1763 954 diphthongo
1789 853 1828 923 in
1857 875 1984 924 earum

282 989 283 992 ’
409 987 483 1062 fine
508 983 743 1061 iudicandum
768 989 826 1058 sit.
879 982 924 1055 In
951 1004 1028 1083 qua
1049 1005 1177 1054 casus
1204 971 1391 1052 cuiusdam
1416 981 1558 1080 signum
1583 976 1696 1050 latere
1711 969 1888 1076 ‘gerundii
1909 972 1981 1046 La-

409 1115 477 1186 tini
502 1129 538 1186 et
555 1111 741 1201 Sanscriti,
771 1123 808 1182 et
833 1109 943 1208 magis
961 1109 1070 1179 etiam
1087 1103 1261 1180 Sanscriti
1278 1101 1448 1178 infinitivi
1465 1094 1629 1202 analogia
1646 1098 1774 1174 suadet
1791 1094 1984 1196 (meando,

410 1238 564 1328 uttan,
593 1235 803 1324 uk-tu-m)
820 1229 899 1330 ²³³).
919 1230 1063 1332 ,Atque
1090 1227 1284 1332 probabile
1311 1243 1385 1318 est,
1420 1223 1690 1328 diphthongum
1714 1222 1815 1299 illam
1840 1220 1885 1295 ad
1911 1221 1981 1295 lo-

410 1363 602 1436 cativum
627 1359 822 1460 pertinere,
852 1358 954 1428 cuius
980 1357 1177 1428 certissima
1202 1355 1350 1452 vestigia
1366 1355 1405 1424 in
1422 1345 1555 1454 clara-et
1571 1339 1690 1441 χὰμαί
1702 1343 1981 1445 servantur²³⁹);

410 1509 569 1586 quorum
593 1484 785 1554 nominum
810 1479 934 1554 thema
960 1479 999 1551 in
1025 1507 1040 1549 ο
1063 1494 1104 1552 et
1129 1505 1152 1549 a
1173 1479 1259 1568 exit,
1291 1477 1514 1578 quibuscum·
1536 1504 1546 1546 ι
1571 1473 1769 1548 locativum
1794 1469 1985 1573 designans

408 1611 448 1682 in
482 1636 509 1679 a
542 1622 578 1680 et
609 1631 644 1676 aa
676 1603 859 1678 coalescit.
913 1604 1039 1704 Atque
1053 1614 1181 1704 'quum
1201 1629 1233 1692 ¹a
1258 1598 1394 1676 vocalis
1420 1599 1599 1673 feminino
1632 1600 1828 1699 praecipue
1862 1597 1985 1696 generi

408 1736 447 1805 in
473 1729 613 1804 Graeca
639 1728 844 1831 Latinaque
877 1727 1239 1830 lingua-conveniat,
1276 1724 1451 1798 feminina
1482 1721 1642 1796 themata
1675 1723 1714 1794 in
1747 1747 1803 1792 sva
1835 1736 1872 1794 et
1891 1741 1986 1808 tarra

407 1850 595 1930 statuenda
628 1877 705 1927 esse
737 1851 908 1946 videntur
921 1851 986 1948 ²⁴⁰)
1021 1851 1097 1924 fere
1132 1851 1210 1924 non
1242 1847 1383 1925 diversa
1422 1849 1469 1922 ab
1496 1875 1546 1934 ονη
1579 1863 1625 1920 et
1642 1873 1738 1936 μσνη,
1783 1860 1876 1946 quae
1909 1843 1983 1918 sul-

406 1976 477 2050 fixa
503 1980 543 2050 in
569 1977 757 2051 abstractis
782 1977 993 2050 nominibus
1018 1974 1120 2050 velut
1143 1965 1244 2060 iderti,
1272 1965 1470 2063 κλαυθμονῆ
1495 1974 1700 2048 invenimus
1725 1968 1791 2066 (cf.
1819 1993 1902 2070 pag.
1921 1970 1984 2042 ts,

408 2116 446 2176 et
472 2099 568 2200 53.).
623 2100 759 2210 μὲςιμνα
784 2125 934 2202 quoque
960 2098 1033 2173 huo
1058 2095 1278 2173 trahendum
1305 2113 1379 2189 est,
1416 2109 1453 2170 et
1477 2088 1662 2204 εἱμαρμένη,
1688 2093 1842 2197 perfecti
1874 2095 1986 2195 parti·

408 2227 563 2326 cipium,
600 2228 640 2298 in
673 2251 748 2326 quo
782 2225 859 2299 sola
892 2227 1034 2326 generis
1066 2227 1119 2296 vis
1154 2224 1370 2296 abstractam
1403 2223 1594 2295 notionem
1627 2217 1762 2294 ellecit.
1816 2213 1983 2308 Accedit,

409 2345 510 2450 quod
537 2351 577 2421 in
590 2347 725 2450 lingua
750 2347 932 2424 Senserita
959 2347 1158 2422 infinitivus
1190 2362 1225 2420 et
1243 2333 1477 2448 'gerundium
1508 2371 1530 2418 a
1565 2359 1611 2418 tu
1625 2369 1628 2374 ·
1642 2331 1779 2417 suffixo*
1812 2339 1986 2416 feminine

406 2475 582 2575 usurpato
609 2472 834 2570 formantur,
864 2471 1041 2548 Slarones
1066 2485 1203 2561 autem,
1232 2465 1409 2544 thlruani
1435 2487 1472 2544 et
1497 2467 1627 2544 Celtae
1652 2477 1681 2541 tt
1704 2466 1862 2571 syllaba,
1893 2489 1987 2568 quae

407 2601 446 2671 in
470 2595 682 2670 nominibus
708 2599 896 2671 abstractis
922 2595 1089 2668 feminini
1114 2592 1464 2695 generis'Sanscritis
1482 2590 1707 2692 Graecisque
1732 2593 1903 2680 occurrit,
1932 2592 1987 2662 in·

406 2719 588 2798 finitivum
618 2708 808 2820 designant
822 2717 907 2812 211);
947 2721 1164 2819 omniaque,
1202 2725 1296 2818 q'uae
1328 2713 1374 2791 de
1405 2717 1571 2791 feminini
1602 2717 1742 2816 generis
1768 2717 1807 2787 in
1832 2713 1989 2788 abstrac-

406 2850 452 2919 tis
478 2873 547 2919 usu
573 2842 742 2935 diximus,
770 2841 843 2918 huc
869 2841 980 2946 quam
1005 2837 1162 2915 maxime
1185 2842 1384 2943 pertinent.
1430 2839 1627 2916 Locativus
1652 2854 1775 2914 autem
1800 2841 1831 2912 si
1856 2841 1915 2912 oui
1940 2839 1986 2912 ab

407 2967 588 3044 infinitivo
621 2967 760 3042 alienus
793 2989 871 3040 esse
903 2965 1069 3055 videtur,
1110 2961 1144 3037 ei
1177 2963 1386 3066 exemplum
1417 2965 1550 3038 afferre
1576 2963 1770 3067 possumus
1796 2975 1840 3038 ex
1865 2961 1988 3064 lingua

408 3091 592 3172 Sanscrita
616 3114 767 3194 prorsus
798 3089 926 3164 simile.
979 3087 1217 3162 Grammatici
1248 3089 1346 3160 enim
1379 3087 1452 3161 boc
1483 3111 1570 3161 casu
1603 3111 1749 3190 semper
1777 3089 1820 3160 in
1853 3084 1988 3162 descri-

405 3215 528 3290 benda
548 3213 714 3290 radicum
737 3211 1000 3315 significatione
1024 3227 1191 3301 utuntur,
1220 3235 1261 3282 ac
1288 3214 1494 3312 saepissime
1521 3209 1678 3284 formam
1704 3226 1881 3314 usurpant
1905 3209 1987 3284 infi-

407 3344 522 3418 nitivo
555 3343 596 3412 in
627 3366 693 3410 svor
726 3335 968 3426 simillimam,
1008 3333 1109 3410 velut
1142 3329 1188 3406 ad
1215 3332 1468 3436 explicandam
1494 3333 1611 3408 budh
1644 3331 1805 3410 radicem
1836 3350 1988 3410 utuntur

407 3459 671 3558 oddonem),
700 3458 860 3568 locativo
886 3454 1305 3548 vedana-mrocabuli3
1332 3457 1474 3532 Graece
1501 3463 1531 3533 si
1557 3456 1636 3531 no&
1655 3455 1814 3533 radicem
1833 3462 1986 3534 circum·

395 3587 567 3674 ,scribere
592 3583 766 3674 velimus,
801 3581 878 3656 sere
906 3576 1038 3654 eodem
1064 3577 1177 3654 modo
1203 3561 1365 3680 (fisidiam
1390 3607 1565 3685 usurpare
1590 3582 1711 3657 liceat.
1764 3582 1833 3657 Ille
1859 3583 1987 3658 locati·

407 3737 472 3786 vus
507 3712 605 3783 enim
637 3732 786 3810 prorsus
820 3702 991 3778 infinitivi
1022 3702 1148 3791 locum
1181 3719 1295 3779 tenet.
1352 3703 1527 3780 Ceterum
1547 3717 1719 3799 mature,
1762 3723 1804 3782 ut
1836 3711 1983 3810 opinor,

463 4022 518 4106 ²³⁶)
561 4022 609 4086 cf.
629 4025 715 4104 Ropp
738 4022 834 4104 Sktgr.
855 4017 1017 4106 pag.287.;
1046 4017 1176 4081 Celticos
1204 4021 1361 4085 infinitivos
1382 4041 1498 4104 quoque
1520 4025 1551 4084 in
1570 4031 1628 4090 tin,
1657 4031 1716 4090 sin,
1743 4029 1842 4088 rutnn,
1871 4043 1986 4085 accusa-

409 4129 484 4189 tivos
505 4148 566 4188 esse
589 4125 667 4186 idem
688 4123 796 4184 docuit
818 4119 937 4180 —Die
961 4118 1127 4182 Celtischen
1148 4121 1297 4204 Sprachen
1317 4123 1408 4206 1156.

462 4223 518 4304 ²³⁹)
561 4225 629 4284 Vid.
651 4226 736 4305 Bopp
758 4221 860 4305 Vergl.
883 4220 938 4284 Gr.
960 4219 1071 4303 11127.

464 4323 520 4405 ²⁴⁰)
562 4324 692 4410 Boppins
712 4349 792 4396 μεναι
813 4321 940 4382 dativum
961 4343 1022 4383 esse
1043 4334 1124 4404 putat
1145 4319 1237 4402 (Celt.
1252 4323 1402 4409 Spracben
1422 4345 1450 4406 p.
1463 4322 1543 4403 88.)‚
1565 4323 1711 4385 sanserito
1733 4331 1851 4402 mane,
1878 4347 1894 4386 a
1914 4352 1986 4386 man

408 4425 531 4489 neutrali
552 4427 604 4504 (de
627 4446 684 4505 quo
706 4424 797 4506 1139.
819 4423 945 4508 egimus)
968 4424 1200 4504 comparandum,
1223 4447 1294 4504 quae
1316 4436 1392 4488 esset
1412 4423 1504 4484 forma
1525 4424 1608 4504 plane
1629 4423 1789 4508 singularis.
1820 4425 1880 4486 Sed
1900 4448 1986 4506 quum

407 4552 465 4587 svm
490 4525 586 4588 thema
604 4525 681 4586 unde
702 4535 734 4584 ut
754 4523 864 4586 dativus
886 4523 1059 4602 deducatur,
1080 4547 1140 4586 non
1161 4524 1280 4602 habeat,
1298 4545 1414 4605 neque,
1440 4537 1473 4585 ut
1495 4523 1697 4600 existimamus,
1726 4547 1760 4586 ex
1785 4549 1864 4596 μιναι
1891 4538 1984 4587 oraim

407 4630 455 4704 sit,
476 4627 631 4688 locativum
653 4625 871 4687 commendante
893 4619 994 4704 χαμαί
1011 4625 1145 4686 vocabuli
1166 4626 1310 4709 analogia,
1331 4625 1639 4707 grammaticorumque
1681 4625 1819 4688 ludorum
1840 4648 1891 4687 nsu
1912 4627 1985 4704 (rid.

409 4728 497 4806 iusra)
519 4735 550 4786 et
569 4727 718 4786 nominum
740 4727 770 4785 in
792 4750 836 4797 ονη
860 4739 889 4787 et
909 4751 975 4796 μονν,
997 4726 1193 4802 similitudine,
1214 4737 1313 4786 nostra
1332 4725 1452 4786 fortem
1473 4725 1575 4806 op'nto
1597 4725 1784 4808 praeferenda
1805 4739 1902 4790 est-
1914 4727 1985 4788 Pot-

407 4829 462 4891 tius
483 4847 599 4910 quoque
621 4851 650 4884 ar
672 4825 840 4886 femininum
861 4827 989 4887 suffixum
1011 4827 1138 4888 indicare
1160 4827 1239 4887 dicit.
1281 4827 1316 4885 Ε.
1337 4827 1371 4885 F.
1381 4825 1431 4902 lt,
1452 4845 1481 4906 p.
1489 4825 1560 4887 595.

347 5001 350 5012 Ι
461 4927 516 5008 ²⁴¹)
559 4927 596 4988 ci.
617 4927 701 5008 Bopp
722 4925 780 4988 Die
803 4924 969 4987 Celtischen
989 4927 1139 5008 Sprachen
1161 4940 1216 4988 cte.
1237 4924 1328 5007 1156.

455 5027 519 5111 ,²⁴2)
559 5029 660 5092 Rosea
680 5027 760 5090 radd.
781 5027 895 5091 sauses.
917 5027 1029 5108 11211.
