4532 5882
1021 569 1078 661 55

258 779 359 886 qnod
384 782 572 887 plerisque
588 785 628 856 in
645 775 735 859 devm
760 783 948 858 vocabulis
974 785 1196 862 substantiva
1216 789 1255 862 in
1272 780 1324 858 ὧν
1340 787 1641 891 respondent²²⁶)
1668 805 1831 866 nostram

256 905 304 982 de
330 937 420 985 ove-s
437 933 481 984 ex
507 934 559 980 an
583 905 644 982 vel
668 935 701 979 ov
728 909 866 1010 origine
885 911 1102 984 sententiam
1123 909 1327 986 confirmat.
1373 911 1575 990 Eximenda
1602 931 1725 990 autem
1748 931 1834 990 sunt

256 1033 302 1104 ab
327 1030 383 1106 his
408 1029 592 1108 adieetivis
618 1057 680 1123 ea,
715 1057 808 1134 quae
834 1059 856 1106 a
881 1034 1092 1108 nominibus
1118 1031 1348 1112 derivantur:
1386 1029 1578 1129 fundavi-r
1603 1038 1752 1138 (μῆκος),
1783 1041 1844 1112 od·-

255 1147 397 1232 πιθανοῖς
421 1147 549 1256 (οὔτις),
573 1147 798 1263 &possead-s
823 1146 998 1263 (ἔρευθος).

406 1281 464 1354 Ita
488 1305 578 1354 vero
603 1278 705 1354 finita
733 1291 880 1374 essent,'
907 1307 1000 1385 quae
1026 1281 1074 1357 de
1099 1310 1189 1357 man
1221 1299 1258 1358 et
1288 1313 1340 1358 an
1370 1285 1498 1362 formis
1533 1282 1687 1360 dicenda
1714 1305 1830 1378 erant,

253 1407 325 1478 nisi
356 1403 556 1479 infinitivus
582 1401 746 1506 reliquus
774 1420 888 1497 esset,
919 1409 1021 1480 cuius
1046 1409 1166 1481 variae
1190 1407 1334 1482 formae
1360 1436 1445 1500 cum
1469 1409 1561 1502 illis,
1597 1437 1686 1512 quas
1719 1407 1832 1484 modo

253 1532 498 1621 tractavimus,
528 1527 739 1603 cohaerent.
789 1528 1032 1606 Inveniuntur
1056 1547 1178 1606 autem
1203 1531 1373 1610 infinitivi
1399 1531 1532 1610 Graeci
1558 1537 1833 1613 terminationes
1868 1551 1869 1558 ’

253 1652 346 1728 hae:
383 1681 489 1743 μενω,
519 1681 600 1743 μιν,
633 1679 721 1742 μεως
752 1681 835 1736 svor,
868 1682 919 1747 ru,
949 1683 1009 1738 ειν,
1042 1684 1098 1743 ην,
1127 1685 1192 1742 ναι,
1218 1686 1252 1729 αι
1277 1659 1378 1756 (nam
1403 1655 1495 1734 σθαι
1519 1657 1593 1734 huc
1618 1685 1695 1736 nou
1720 1662 1835 1761 perti-

253 1781 344 1876 net).
398 1777 455 1852 Ac
484 1780 644 1879 primum
675 1776 827 1878 quidem
857 1781 897 1852 in
926 1777 985 1852 his
1015 1777 1289 1856 considerandis
1322 1811 1355 1854 αι
1387 1779 1657 1886 diphthongum
1689 1787 1728 1858 in
1757 1781 1834 1864 ,fine

252 1904 410 2004 positam
433 1905 632 1992 mittamus,
664 1925 757 2002 quae
783 1899 897 1977 modo
924 1900 1039 1998 adest,
1069 1903 1183 1980 modo
1210 1909 1402 1999 omittitur,
1433 1923 1470 1982 et
1488 1933 1717 2009 quaeramus,
1745 1935 1836 1984 num

253 2026 300 2100 ab
326 2051 402 2100 uno
428 2023 561 2100 suffixo
594 2051 722 2098 omnes
748 2024 833 2100 illae
865 2026 1005 2108 formae
1036 2033 1158 2132 repeti
1187 2033 1351 2134 possint,
1387 2057 1517 2108 necne.
1574 2031 1832 2124 Buttmannus,

255 2153 320 2252 qut
355 2152 496 2252 egregie
523 2147 571 2223 de
595 2151 702 2224 variis
728 2149 898 2228 infinitivi
923 2152 1057 2228 formis
1075 2153 1262 2257 loquitur,
1296 2181 1444 2232 censere
1469 2155 1633 2248 videtur,
1670 2182 1730 2234 eas
1760 2171 1834 2230 ter-

254 2277 487 2366 minationes,
515 2297 611 2376 quae
638 2274 684 2346 ab
711 2300 727 2344 ε
750 2277 946 2376 incipiant,
976 2301 997 2348 a
1022 2275 1149 2350 formis
1175 2271 1286 2368 μένω,
1312 2307 1389 2368 μεν,
1415 2296 1511 2354 ortas
1538 2279 1706 2378 essem).
1761 2277 1834 2356 Ces
1882 2357 1887 2363 .

250 2414 372 2472 terum
402 2413 445 2471 ut
471 2413 526 2470 est
549 2397 605 2470 vir
630 2410 755 2469 cautus
782 2411 819 2470 et
843 2395 1024 2500 prudens,
1063 2396 1274 2474 dubitanter
1306 2399 1352 2476 de
1383 2401 1452 2476 hao
1479 2416 1526 2478 ‘re
1550 2401 1699 2479 iudicat.
1754 2403 1835 2488 Ah.

250 2523 392 2595 rensius
431 2545 521 2596 vero
556 2533 682 2622 aperte
716 2535 753 2593 et
782 2546 852 2624 pro
884 2537 986 2596 certo
1018 2521 1229 2616 mutendit‚
1266 2521 1378 2598 θεῖναι
1404 2552 1424 2600 e
1454 2518 1642 2626 &ddfitssb
1672 2517 1777 2612 λέγειν
1814 2551 1834 2598 e

249 2655 405 2734 λεγειναι·
422 2689 462 2704 -
491 2647 698 2744 λεγεμ(ε)ναι
722 2643 860 2720 facttum
883 2645 1063 2747 essem).
1102 2645 1181 2722 Sed
1206 2649 1420 2753 ,exemplum
1445 2678 1472 2740 μ
1495 2675 1694 2741 consonae,
1723 2649 1831 2725 ubis

250 2769 411 2844 litteram
442 2767 631 2872 praecedit
664 2771 772 2846 elisae
806 2787 843 2846 et
869 2801 879 2844 ι
903 2771 1040 2847 vocalis
1072 2775 1112 2847 in
1138 2775 1215 2847 eius
1241 2773 1327 2850 loco
1353 2778 1508 2878 positae,
1537 2799 1658 2876 neque
1675 2777 1753 2875 ipse
1781 2771 1833 2846 af·

251 2893 336 2988 fert,
366 2920 435 2968 nee
460 2910 552 2996 puto
579 2893 677 2998 apud
701 2893 866 2970 Graecos
891 2899 1061 2972 inveniri.
1104 2893 1181 2989 Qui
1205 2901 1414 3000 saepissime
1439 2927 1482 2988 μν
1508 2901 1735 3000 coniungunt
1760 2900 1777 2993 (
1810 2893 1819 2921 '

249 3046 356 3126 gnava,
381 3013 497 3106 τέμνω,
523 3008 649 3106 ὄμνυμι,
675 3009 826 3108 δάμνημ,
851 3008 1011 3124 rpvuvs'r,
1037 3010 1197 3109 μνάομαι,
1223 3014 1388 3127 τέρεμνος,
1415 3013 1605 3127 ἅτὲραμνος)
1634 3037 1671 3098 et
1696 3045 1835 3122 nequa-

252 3167 363 3245 quam
386 3141 627 3218 coniunctum
658 3137 789 3212 harum
824 3140 1027 3212 litterarum
1048 3165 1189 3212 ¹sonum
1214 3141 1424 3241 repudiasse
1450 3141 1624 3218 videntur
1648 3186 1691 3200 -
1723 3169 1834 3242 quem

249 3265 311 3342 vel
341 3262 599 3368 proferebant,
640 3263 706 3336 ubi
731 3265 883 3366 proprie
908 3287 986 3336 non
1013 3271 1109 3336 erat:
1152 3253 1271 3353 σεμνός
1295 3261 1365 3365 pro
1392 3251 1524 3342 reddo
1582 3263 1680 3338 Tum
1705 3267 1834 3340 nititur

249 3389 452 3464 Ahrensins
475 3399 618 3474 λεγειναι
643 3387 774 3479 forma,
805 3411 913 3490 quae,
944 3390 1029 3488 quis
1053 3379 1159 3475 λέγειν
1186 3393 1230 3461 er
1253 3393 1418 3487 λιτεμ(ε)ν
1450 3429 1490 3448 -·
1522 3384 1624 3488 quod
1650 3413 1727 3462 non
1744 3414 1832 3492 pro·

249 3517 417 3589 nunciati
443 3523 590 3616 poterat
611 3555 651 3571 -
673 3536 752 3586 non
776 3510 914 3586 henim
941 3536 1019 3586 esse
1044 3527 1182 3614 potest,
1211 3514 1246 3586 ei
1265 3513 1475 3588 novenario
1502 3511 1744 3615 supponenda
1762 3529 1830 3612 est,

249 3642 301 3713 ita
331 3655 373 3712 ut
403 3665 444 3728 μν
475 3640 515 3711 in
545 3633 615 3710 hac
645 3635 764 3710 forma
794 3637 834 3708 in
865 3646 895 3708 ιγ’
917 3651 1073 3728 mutata,
1107 3634 1194 3710 inde
1228 3638 1371 3711 abiecto
1404 3665 1445 3708 ur
1462 3628 1568 3723 >duur
1606 3652 1727 3713 orttrm
1752 3663 1831 3712 esse

252 3759 464 3838 contendat.
518 3771 659 3850 λεγιιναι
685 3777 806 3838 autem
831 3759 893 3836 vel
918 3758 1044 3835 similis
1066 3757 1190 3834 forma
1214 3775 1452 3856 non=exstet3
1483 3761 1600 3836 immo
1633 3763 1753 3838 statim
1778 3764 1831 3837 vi·

252 3883 432 3980 debimus,
460 3885 690 3989 probabilius
717 3911 807 3978 esse,
835 3875 1124 3974 advertetandem
1140 3900 1321 3987 repetere,
1350 3881 1453 3986 quod
1471 3909 1517 3962 ex
1533 3884 1665 3961 vestm
1689 3883 1831 3960 formae

251 4009 361 4086 nobis
398 4027 559 4091 servatae
600 4011 766 4112 analogia
796 4007 935 4112 fingere
963 4007 1064 4086 lieet.
1118 4008 1219 4085 Haeo
1251 4011 1361 4110 igitur
1385 4010 1480 4084 ratio
1513 4007 1660 4086 alterius
1691 4007 1831 4086 formae

253 4160 298 4211 ex
332 4135 444 4210 altera
473 4133 664 4212 derivandi
688 4138 749 4212 vix
772 4131 923 4208 detenti
947 4147 1083 4235 potest.
1132 4132 1304 4251 boppius
1331 4148 1470 4224 atatem,
1504 4160 1541 4210 v.
1567 4131 1640 4225 ol.,
1675 4159 1742 4208 esar
1767 4134 1832 4208 ab·

252 4262 351 4334 ioeto
385 4286 411 4348 μ
442 4285 463 4334 e
495 4288 587 4351 μενεα
620 4275 743 4336 ortum
775 4283 852 4334 esse
884 4261 1066 4335 existimat
1097 4255 1303 4356 (Geitisohe
1334 4255 1528 4360 Sprnchen
1556 4283 1598 4360 p.
1615 4254 1698 4354 58.)
1731 4260 1830 4332 nisus
1920 4340 1923 4346 ¹
2010 4336 2015 4352 ‚

255 4381 421 4484 analogia
447 4381 650 4460 Senseritae
669 4384 833 4486 linguae,
862 4385 991 4484 inqua
1017 4381 1105 4454 dna
1120 4381 1288 4458 similiter
1304 4409 1325 4456 a
1342 4379 1563 4478 md'na229),
1594 4377 1830 4481 degenerasse

260 4577 373 4652 iduor-c
393 4585 429 4646 ad
449 4581 490 4645 dd
509 4585 636 4649 radicem
656 4588 823 4684 pertinere,
845 4607 917 4668 quae
939 4551 991 4646 est¹
1003 4585 1034 4660 in
1055 4575 1180 4654 ἇνδᾶνω,
1201 4574 1312 4663 (iudeo)
1332 4585 1408 4645 sicut
1427 4574 1516 4651 diuos
1536 4603 1553 4644 a
1572 4575 1638 4650 βαλ
1658 4583 1757 4646 radice
1780 4608 1829 4658 01·-

260 4697 394 4870 ωῗαξίι
408 4787 456 4850 Cf.
477 4785 597 4848 Lobeck
617 4787 652 4848 ad
673 4787 792 4850 Aiacem
812 4811 842 4870 p.
854 4785 924 4849 403.
945 4807 988 4867 sq.
1010 4784 1056 4846 ed.
1078 4785 1107 4846 2.
1436 4828 1439 4836 ·

309 4885 366 4966 ις7)
408 4887 508 4965 (Μ,
529 4909 558 4969 p.
568 4885 640 4947 357.
661 4909 718 4968 sq.;
740 4911 770 4970 p.
781 4887 851 4950 515.
873 4900 971 4948 annot.
992 4907 1022 4968 p.
1034 4883 1120 4959 '4904
1140 4883 1292 4946 Kiihnsuus
1312 4885 1450 4946 audacior
1470 4897 1514 4947 est
1522 4885 1558 4962 L,
1579 4887 1649 4947 11⁰.

312 4985 368 5069 228)
410 4990 446 5050 de
468 4989 545 5049 diali.
567 4985 663 5048 Aaou.
685 4987 775 5068 pet.
798 5021 837 5038 -·
860 4989 896 5051 de
917 4989 1034 5071 eouiug·
1056 4986 1087 5047 in
1107 5009 1136 5059 μ*
1157 5008 1186 5068 P·
1199 4988 1248 5074 ,1²-

312 5087 367 5169 229)
409 5089 446 5150 cf.
468 5111 553 5173 supra
573 5109 638 5174 pag.
650 5085 700 5148 47.
722 5100 752 5149 et
771 5087 821 5149 52.
