4520 5896
1099 233 1160 285 vm

338 436 556 512 Transimus
591 438 639 510 ad
673 461 718 510 ea
753 461 848 534 quae
884 438 973 533 quin
1006 461 1056 512 ex
1088 438 1306 533 nominibus
1342 436 1512 511 derivata
1539 437 1614 512 sint
1640 438 1803 514 dubitari
1828 463 1908 512 non
1934 449 2075 536 potest.

179 581 223 655 In
251 583 308 655 bis
334 583 496 680 primum
524 583 943 686 coroniacensem,
970 582 1071 681 quod
1096 581 1308 694 Lobeckius
1336 581 1635 680 (thensauro)
1659 584 1964 658 unumomnium
1992 606 2076 680 par·

181 751 404 828 onymorum
444 730 491 802 ab
527 728 712 826 adjectivo
741 730 939 802 oriundum
969 753 1050 803 esse
1083 727 1181 801 dicit.
1232 728 1410 829 qlittera
1449 729 1496 800 ab
1529 728 1741 802 Atticorum
1773 728 1861 802 inde
1895 726 2074 824 tempori·

179 873 250 946 bus
277 873 527 970 conspicimus
552 875 592 946 in
617 877 793 976 vittaque,
819 876 1085 979 amaveram,
1119 875 1265 972 ἀλλαγή
1292 873 1394 946 etin
1420 897 1558 984 magno
1586 874 1884 971 compositorum
1896 895 2075 944 numero.

180 1015 322 1090 Verum
350 1018 461 1090 etiam
489 1019 559 1091 hac
594 1033 746 1095 tenuem
774 1021 1022 1117 antiquiorem
1049 1021 1164 1095 fuisse
1200 1019 1369 1118 conjicio.
1423 1016 1565 1091 Eadem
1600 1018 1699 1090 euim
1733 1016 1755 1088 lc
1788 1016 1928 1107 littera,
1968 1015 2075 1111 cujus

181 1187 251 1259 ope
279 1186 301 1234 a
326 1162 563 1236 brevioribus
589 1163 777 1237 radicibus
804 1189 924 1239 novas
952 1167 1087 1264 stirpes
1112 1164 1315 1263 propagari
1343 1161 1522 1253 vidimus,
1549 1163 1588 1236 in
1623 1161 1769 1261 syllaba
1796 1160 1847 1232 ka
1873 1161 2074 1250 invenitur,

183 1309 321 1404 quain
349 1309 576 1400 nominibus,
617 1308 811 1406 adjectivis
837 1312 1047 1428 praecipue,
1088 1307 1302 1383 derivandis
1336 1331 1468 1380 omnes
1502 1331 1598 1404 quae
1632 1305 1679 1379 ad
1711 1305 2077 1400 ludogermanorum

179 1453 358 1527 familiam
385 1455 575 1552 pertinent
600 1467 732 1554 gentes
766 1457 983 1553 saepissime
1024 1467 1189 1533 utuntur.
1253 1452 1338 1526 Huc
1373 1451 1613 1526 referendum
1649 1464 1706 1526 est
1740 1450 1832 1524 illud
1863 1451 1949 1536 art-c
1975 1446 2089 1568 apud·

181 1598 347 1675 Graecos
372 1599 736 1697 frequentissimum,
776 1599 877 1697 quod
916 1601 955 1674 in
994 1600 1122 1674 multis
1149 1599 1344 1696 adjectivis
1384 1597 1431 1670 ab
1459 1596 1653 1694 adjectivis
1681 1595 1860 1668 derivatis
1901 1594 2074 1682 occurrit,

182 1745 306 1842 qualia
331 1744 543 1818 Lobeckius
577 1744 729 1841 collegit
754 1745 792 1817 in
819 1743 1064 1845 Pathologiae
1092 1743 1264 1842 Prolegg.
1296 1767 1331 1839 p.
1365 1743 1437 1814 327
1472 1753 1509 1814 et
1543 1741 1590 1814 ad
1616 1739 1872 1839 Phryniclrum
1911 1763 1947 1836 p.
1988 1739 2076 1812 228.-

180 1887 366 1986 Exemplo
407 1899 517 1962 erunt
548 1891 836 1996 βαςβας-ι-κΜ
870 1917 892 1963 a
925 1891 1119 1998 jls‘gssagoe,
1144 1889 1401 1996 'damnari-r
1430 1887 1478 1960 ab
1511 1892 1667 1994 άααῒος,
1701 1885 1990 1993 liegarde-mdc
2051 1907 2075 1954 Β

183 2035 347 2140 Rogo-ivor
391 2045 651 2132 propagatum.
716 2031 793 2108 Nec
829 2037 868 2108 in
917 2035 1088 2134 cognatis
1113 2034 1251 2133 linguis
1279 2033 1417 2106 desunt
1457 2057 1552 2129 quae
1593 2043 1868 2130 comparentur.
1928 2027 1989 2100 Ab
2029 2051 2076 2098 co

183 2179 382 2277 adjectivo,
409 2177 511 2276 quod
536 2203 672 2277 graeco
699 2179 822 2273 ἄλλος,
863 2182 980 2255 latino
1009 2181 1103 2254 alius
1128 2178 1354 2277 respondet,
1397 2178 1562 2276 cuja-s,
1603 2176 1686 2250 Indi
1713 2173 1952 2274 cuja-leco
1978 2172 2074 2245 deri-

184 2337 289 2416 vant,
330 2325 434 2422 cujus
466 2324 506 2397 iu
539 2327 806 2423 antiquissimis
841 2327 991 2425 hymnis
1024 2322 1177 2400 Vedicis
1217 2349 1327 2399 usum
1361 2351 1384 2396 a
1416 2323 1595 2421 primitivi
1630 2322 1767 2419 cnjus
1801 2321 2075 2420 significatione

183 2469 262 2543 fere
290 2493 367 2542 non
395 2469 596 2562 diversum,
648 2469 922 2569 Petropolitani
960 2473 1072 2545 lexici
1108 2483 1281 2544 auctores
1317 2469 1587 2542 demonstrant.
1642 2465 1733 2538 lude
1767 2466 1942 2562 analogia
1980 2463 2076 2538 duce

184 2597 425 2693 pervenimus
453 2595 501 2668 ad
528 2596 741 2670 obsoletum
769 2595 999 2673 Graecorum
1027 2599 1253 2696 adjectivum
1280 2601 1474 2681 citra-aar
1493 2597 1572 2668 aive
1600 2599 1806 2696 ἀλλακο-ς,
1833 2592 1972 2664 abhoc
1998 2615 2077 2663 rur·

188 2765 252 2814 sus
288 2740 336 2813 ad
371 2741 528 2814 verbum
569 2744 741 2820 α’λλάσσω
775 2741 908 2816 eadem
946 2743 1092 2816 ratione
1134 2743 1336 2816 formatum
1377 2767 1451 2838 qua
1476 2741 1674 2858 φαςιιοίᾳσω
1713 2737 1759 2810 ab
1796 2763 1842 2809 eo
1882 2733 1984 2832 quod
2018 2748 2079 2806 est

185 2885 375 2992 φᾶςμακον.
428 2883 471 2958 In
500 2911 574 2984 quo
600 2887 852 2984 paenultimae
880 2887 1046 2986 syllabae
1087 2887 1198 2985 alpha
1231 2913 1309 2961 non
1344 2885 1611 2984 negligendum
1648 2905 1729 2996 esse
1765 2881 1922 2954 videtur.
1986 2877 2079 2951 Late

188 3031 287 3104 enim
314 3039 419 3127 patet
445 3030 539 3103 haec
565 3032 715 3130 linguae
742 3056 899 3131 graecae
927 3033 1110 3131 analogia,
1150 3032 1255 3105 utin
1282 3031 1500 3104 nominibus
1527 3028 1705 3102 derivatis
1733 3026 1844 3122 alpha
1869 3035 1955 3122 post
1983 3063 1992 3102 ι
2016 3049 2079 3096 vo·

187 3175 306 3248 celem
334 3187 589 3248 conservetur.
641 3173 735 3248 Nam
765 3176 811 3248 ab
839 3178 963 3282 laceri-r
991 3193 1181 3273 derivatur
1207 3180 1445 3284 ἱατρψκό-ς,
1473 3203 1494 3248 a
1520 3177 1663 3283 Keria-t
1691 3167 1916 3277 ligor-idus
1942 3179 2090 3267 ἃμανίῠ

91 3372 94 3389 .
187 3331 313 3392 autem
347 3323 599 3418 pavr-amir,
624 3318 795 3425 eggideo-v
819 3318 1728 3426 ζῳδι-α-κό-ς,αΤαλθύβιο-ςΤαλθυβι-οί·δη·ςι
1768 3317 2082 3412 Quareetlaffllfl

190 3467 366 3543 α’λλαίσσω
398 3467 587 3563 quoddam
622 3469 702 3566 ejus
727 3469 873 3542 litterae
901 3469 1100 3567 vestigium
1127 3469 1351 3542 remansisse
1379 3468 1527 3544 videtur
1567 3497 1678 3566 quam
1717 3471 1755 3544 in
1789 3433 1866 3542 illo
1884 3467 2080 3550 citra-adm

188 3633 299 3682 suum
325 3611 450 3684 locum
476 3612 653 3686 habuisse
680 3627 896 3710 comparato
925 3614 1112 3687 vocabulo
1134 3615 1570 3688 sanseritomauifestum
1597 3615 1648 3688 fit.
1679 3611 1955 3693 -σαλσίσσω
1981 3610 2083 3710 apud

190 3753 293 3850 ipsos
322 3752 486 3830 Graecos
512 3783 591 3832 non
617 3755 732 3830 modo
759 3759 942 3858 σαλαγέω,
970 3757 1037 3830 sed
1063 3759 1176 3831 etiam
1201 3757 1325 3860 σάλαξ
1350 3762 1506 3844 crinem
1547 3771 1584 3832 et
1615 3761 1774 3838 σαλάκων
1800 3759 1928 3832 affinia
1956 3758 2081 3831 babet.

188 3942 239 3954 --
266 3899 322 3974 De
349 3903 578 3999 reliquorum
606 3902 870 3998 originanihil
897 3903 987 3976 certi
1027 3902 1151 3976 habeo
1185 3903 1286 4000 quod
1318 3929 1547 4002 proponam,
1591 3904 1658 3978 sed
1692 3929 1813 4002 pauca
1841 3915 2002 3994 restant,
2042 3904 2082 3976 in

194 4046 329 4142 quibus
357 4047 444 4142 quin
477 4045 608 4119 eadem
637 4047 734 4119 sibili
763 4071 810 4119 ex
836 4045 859 4118 lc
884 4047 1109 4144 paragogico
1138 4048 1243 4148 origo
1271 4049 1394 4140 fuerit,
1423 4047 1596 4146 equidem
1623 4074 1700 4122 non
1727 4049 1869 4124 dubito.

352 4189 607 4280 Quamobrem
642 4192 783 4288 majore
806 4192 885 4288 jam
914 4191 1143 4266 confidentia
1168 4193 1207 4266 in
1234 4194 1411 4266 universo
1447 4193 1520 4268 hoe
1554 4194 1759 4268 verborum
1794 4219 1986 4296 generey
2023 4195 2083 4270 lit-

191 4351 311 4408 teram
339 4363 415 4410 non
443 4338 644 4434 genuinam
672 4363 754 4410 esse
782 4350 819 4410 et
845 4363 912 4434 per
938 4349 1056 4410 totam
1083 4338 1247 4436 linguans
1265 4335 1447 4412 Graecam
1474 4339 1570 4412 hanc
1590 4340 1714 4438 legem
1741 4340 1867 4414 valere
1889 4341 2082 4416 contendi-

192 4507 287 4572 mus,
315 4493 354 4554 ut
382 4514 431 4559 σσ
456 4507 533 4552 non
561 4505 609 4552 ex
637 4480 717 4552 aliis
734 4481 867 4554 litteris
896 4483 1046 4573 oriatur,
1075 4507 1185 4578 quarn
1213 4507 1260 4555 ex
1286 4515 1320 4586 a,
1345 4514 1385 4583 χ,
1410 4515 1445 4587 r,
1470 4483 1508 4562 θ.
1535 4481 1665 4580 Itaque
1687 4484 1900 4581 praesentia
1919 4485 2083 4592 Φράστω,

193 4628 333 4729 μάσσω,
355 4624 510 4726 rutero,
539 4628 695 4734 agriaco,
717 4628 902 4728 ἀλλάσσω,
925 4628 1003 4724 jam
1034 4653 1078 4700 eo
1106 4641 1275 4725 tempora
1302 4629 1463 4702 formata
1490 4652 1572 4701 esse
1600 4626 1767 4702 dicemus
1795 4655 1868 4726 quo
1895 4661 1917 4706 κ
1948 4631 1987 4702 in
2014 4631 2081 4705 ho-

194 4795 278 4843 rum
313 4771 517 4844 verborum
560 4771 685 4845 radice
725 4772 959 4863 audiebatur,
999 4797 1068 4845 nec
1108 4771 1215 4844 aliter
1256 4783 1338 4845 orta
1365 4796 1465 4862 esse,
1505 4797 1614 4869 quam
1642 4782 1775 4880 φρίσσω
1809 4797 1857 4846 ex
1897 4797 1942 4847 ec
1976 4777 2081 4871 quod

199 4915 269 4988 fuit
297 4930 386 5021 φςικ.
439 4915 577 4990 Postea
603 4918 640 4990 in
669 4917 892 5015 quibusdam
918 4917 1096 5014 plenioris
1123 4917 1161 4990 in
1187 4915 1312 4990 locum
1340 4915 1487 4990 mollior
1514 4915 1660 4992 mediae
1688 4919 1834 4994 litterae
1870 4943 2084 4993 sonussuc·
