4444 5866
1033 515 1234 533 ῃ

267 622 352 726 vics
378 625 518 726 opilio,
555 645 668 722 quoto
694 623 736 696 itt
758 613 1039 724 &numam
1064 625 1219 704 latinam
1243 625 1388 704 inferre
1414 641 1568 706 conatus
1595 642 1652 708 est
1685 645 1724 708 et
1754 634 1989 710 redeundum

267 773 327 834 eat
351 781 440 836 oum
466 761 690 834 Hermanno
712 760 762 834 ad
788 757 983 859 vulgarem
1008 759 1233 838 doctrinam.

370 895 591 972 lirensisnus
616 895 665 969 sd
689 889 945 996 conpunctus
970 896 1035 994 qni
1059 896 1100 968 in
1124 897 1197 974 usn
1222 907 1261 974 at
1287 899 1381 974 erim
1405 901 1553 975 cadunt.
1605 901 1637 976 lt
1663 897 1889 1003 cliadvigi'o
1913 924 1989 976 non

267 1031 438 1130 perlecti
466 1033 534 1106 sad
559 1031 675 1106 luunt
698 1030 823 1106 exacti
848 1043 933 1104 osee
958 1029 1152 1126 dicuntur,
1174 1033 1235 1108 ito
1260 1041 1303 1108 ut
1327 1035 1461 1108 eadam
1483 1031 1989 1138 conjunctiviterminatione

268 1168 317 1238 ab
340 1165 548 1242 indicativis
562 1166 687 1262 fuco,
703 1162 844 1264 ficeto
863 1163 955 1239 ictui
980 1163 1074 1261 sint,
1101 1177 1276 1266 quaeest
1298 1167 1339 1241 in
1365 1167 1438 1242 siut
1464 1179 1503 1240 et
1526 1167 1638 1242 celim
1665 1173 1715 1267 (p.
1741 1171 1820 1264 97).
1872 1169 1990 1244 Recte

267 1321 361 1375 varo
383 1301 470 1374 illas
493 1299 637 1374 termas
661 1301 900 1376 tlemus
926 1300 977 1396 (p.
1006 1299 1070 1394 16)
1096 1302 1148 1377 ait
1172 1321 1223 1376 ex
1249 1323 1436 1404 compage
1460 1313 1560 1379 ortas
1584 1325 1668 1378 asse
1692 1302 1850 1402 perfecti
1877 1304 1988 1400 (feci)

267 1457 353 1510 ovam
379 1433 622 1538 conjunctivo
645 1434 730 1511 sirm
784 1433 1022 1533 Quamquam
1047 1435 1139 1510 illud
1165 1461 1200 1527 e,
1227 1437 1329 1535 qnod
1355 1445 1413 1512 est
1436 1437 1476 1510 in
1502 1437 1642 1530 medio,
1669 1437 1786 1512 nolim
1804 1439 1988 1514 eumvito

267 1569 477 1642 clarissimo
500 1591 572 1668 par
594 1568 808 1642 obsoletam
833 1563 927 1642 esim
952 1569 1162 1666 explicare,
1199 1573 1267 1645 sed
1299 1593 1386 1644 cum
1412 1571 1557 1670 Boppio
1584 1570 1662 1651 (Gr.
1690 1593 1810 1670 comp.
1836 1597 1872 1672 p.
1896 1575 1987 1656 ott)

264 1705 394 1778 mutin
421 1729 493 1802 pro
517 1703 626 1776 iluali·
644 1703 763 1778 littera
788 1703 919 1800 stirpis
951 1703 1108 1800 perlecti
1142 1705 1304 1796 habea,
1344 1727 1442 1803 quae
1467 1714 1555 1778 anta
1578 1731 1600 1777 r
1626 1703 1838 1801 (βατὴ),
1869 1715 1913 1780 ut
1935 1707 1987 1800 dt,

267 1841 303 1910 in
331 1865 354 1911 e
377 1839 634 1940 degeneravit,
660 1847 747 1914 anta
762 1837 951 1936 duplicant
963 1847 1090 1912 nutem
1111 1838 1326 1914 sibilantem
1337 1838 1545 1934 (femiam)
1563 1847 1710 1914 servata
1723 1863 1808 1914 essa
1823 1839 1984 1924 videttuj.

267 1973 396 2072 ltaque
420 1983 549 2047 umen
575 1973 648 2047 lnoe
674 1971 751 2045 ullo
777 1971 893 2044 modo
919 1973 968 2044 ad
993 1971 1113 2070 ipsam
1139 1973 1396 2073 quaestionem
1421 1971 1596 2071 pertinet,
1622 1973 1663 2046 ia
1689 1999 1762 2071 qua
1787 1973 1886 2047 haud
1912 1975 1985 2047 du-

267 2110 331 2182 bio
353 2110 592 2184 Bermauntu
616 2129 751 2182 ranan
776 2105 879 2180 vidit.
933 2105 1009 2182 Sed
1045 2131 1124 2182 non
1159 2108 1350 2208 intelligo,
1380 2130 1456 2206 quo
1487 2105 1572 2210 jure
1603 2133 1639 2182 v.
1674 2109 1720 2182 cl.
1757 2109 1985 2183 contendere
2062 2187 2064 2190 ,

266 2245 384 2342 possit
408 2267 521 2337 „eam
544 2243 852 2318 teuniuationam
878 2252 892 2328 (
920 2239 930 2262 ⁹
965 2247 994 2338 ),
1022 2241 1104 2318 sive
1129 2245 1311 2342 perlecto,
1338 2244 1418 2319 sive
1443 2243 1569 2318 futuro
1595 2253 1736 2320 exacto
1761 2241 1984 2346 adjungere·

264 2393 337 2473 tar,
363 2380 515 2481 gignere
541 2375 714 2452 debuisse
740 2375 958 2472 animuin,
985 2377 1166 2453 mersu
1190 2389 1228 2453 et
1253 2377 1474 2472 amman,
1501 2377 1711 2452 mmaiuf‘
1750 2378 1843 2454 llam
1868 2384 1982 2476 qnutlt

263 2515 430 2590 iuuarnm
455 2523 632 2589 exactum
663 2511 801 2588 eodem
828 2513 1046 2589 Hermanno
1081 2513 1313 2588 eoncedente
1349 2514 1539 2590 contineat
1568 2525 1610 2587 et
1638 2513 1794 2612 persenti
1826 2511 1981 2610 stirpem

266 2649 366 2745 (feci
396 2649 543 2743 omum)
569 2659 608 2724 et
632 2647 801 2724 faturum
827 2671 892 2722 ero
918 2647 998 2724 sivo
1024 2671 1099 2743 eso,
1126 2648 1159 2723 si
1184 2673 1312 2723 rursus
1338 2645 1601 2752 adaugeretur
1633 2645 1727 2738 criu,
1759 2645 1851 2721 inde
1873 2646 1981 2720 tusus

263 2785 338 2861 dita
369 2777 554 2886 quaedam
588 2783 751 2860 oriretur
780 2783 907 2858 forma
939 2783 1185 2860 munusculo
1224 2783 1286 2861 vel
1318 2779 1553 2858 muovescim.
1605 2785 1712 2860 lluae
1744 2781 1847 2857 enim
1878 2789 1981 2854 carta

264 2919 548 3018 requirerentur
577 2927 728 3018 pmatar
761 2916 919 3015 perlecti
943 2919 1090 3020 signum
1117 2919 1328 3014 sibilantes,
1361 2921 1477 2997 altere
1501 2921 1550 2995 ed
1574 2919 1760 3016 interum,
1792 2919 1911 2995 altare
1933 2917 1980 2991 ad

263 3051 543 3156 conjunctivum
569 3052 853 3152 designandum.
904 3053 954 3128 Et
978 3077 1026 3127 ec
1053 3055 1207 3152 quidam
1234 3076 1348 3151 quam
1367 3051 1537 3130 maxime
1552 3055 1728 3156 Madvigii
1745 3053 1873 3153 opinio
1888 3051 1980 3126 nffli

262 3188 416 3265 refutari
443 3187 605 3274 videtur,
632 3186 734 3286 qnod
758 3209 837 3259 non
862 3193 1062 3285 utrimque
1088 3198 1127 3261 et
1151 3185 1318 3260 innirum
1343 3191 1521 3260 exectum
1545 3197 1583 3262 et
1607 3185 1886 3290 conjunctivus,
1912 3187 1981 3259 sed

262 3325 482 3400 alterutram
522 3331 667 3398 tanum
697 3321 762 3398 ida
792 3319 916 3398 sonna
949 3319 1143 3399 indicatur.
1210 3321 1342 3420 ltaqtta
1367 3317 1498 3418 saort
1531 3321 1635 3419 qtrod
1666 3325 1795 3398 nostra
1827 3321 1980 3420 quidem

263 3458 446 3536 sententia
471 3480 524 3532 ex
537 3455 703 3556 fesoov't
732 3465 857 3532 ortum
890 3465 967 3550 est,
999 3467 1063 3532 aot
1095 3469 1156 3532 est
1186 3451 1445 3560 conjunctivus
1476 3453 1655 3555 perfecti,
1690 3452 1796 3561 cujus
1829 3455 1978 3555 indque

261 3599 384 3670 fornia
408 3595 448 3668 in
473 3593 675 3668 indicativo
689 3589 835 3692 fasani
856 3591 937 3686 fuit,
965 3602 1028 3666 aut
1051 3591 1219 3668 laturum
1244 3601 1430 3668 exactum.
1482 3589 1707 3666 indicativus
1722 3601 1868 3666 vernet
1883 3611 1976 3664 oon·

260 3729 445 3830 junctivus
471 3725 586 3804 loturi
611 3727 733 3802 exacti
759 3727 981 3801 simulasse
1006 3751 1084 3802 non
1109 3735 1245 3828 potest.
1297 3727 1557 3802 Praetermitto
1583 3725 1901 3827 significationem,
1928 3727 1976 3800 de

262 3889 335 3962 qua
351 3863 502 3966 egregio
514 3863 751 3938 Hermannus
768 3859 952 3958 exposuit.
981 3857 1260 3937 Demonstravit
1274 3861 1390 3956 enim,
1417 3883 1526 3935 usum
1551 3859 1697 3934 iormae
1711 3859 1823 3954 illius,
1851 3861 1974 3959 sipri-

261 4005 374 4076 mitns
399 3999 558 4099 perlecti
584 3995 864 4102 conjunctivum
889 3997 1005 4071 fuisse
1031 3997 1216 4089 dicamus,
1250 3997 1349 4070 hene
1375 3993 1554 4093 explicari
1586 4017 1720 4093 posse,
1754 3997 1810 4070 sin
1847 4005 1975 4070 conon

262 4141 427 4212 tutorum
452 4143 627 4210 exactum
661 4135 714 4207 in'
734 4131 893 4231 perlecti
921 4129 1200 4233 conjunctivum
1234 4131 1339 4230 quasi
1372 4130 1620 4231 degenerasse
1652 4137 1873 4224 statuamus,
1900 4132 1973 4206 ltoc

263 4295 413 4368 prorsus
446 4294 530 4344 essa
562 4255 769 4343 inauditum
795 4277 834 4340 et
866 4268 987 4341 bonae
1014 4263 1147 4340 rationi
1182 4265 1423 4340 contrarium.
1482 4263 1614 4339 Omnis
1646 4273 1772 4338 autem
1798 4265 1970 4367 Madvigi
2021 4371 2024 4376 Ι

262 4427 369 4479 error
393 4403 434 4474 in
460 4427 508 4478 eo
533 4417 704 4480 versatur
729 4403 830 4501 quod
857 4401 1039 4502 originem
1066 4401 1275 4475 formarum
1296 4423 1372 4473 non
1388 4421 1542 4497 prorsus
1557 4397 1738 4498 cognovit.
1789 4399 1883 4476 Num
1903 4403 1970 4478 etsi

261 4537 432 4616 concedit
457 4537 546 4612 illud
571 4565 591 4613 s
616 4539 718 4636 quod
743 4547 800 4611 est
824 4535 862 4610 in
889 4533 1021 4610 intutis
1047 4533 1208 4628 exactis,
1235 4533 1341 4609 verbi
1368 4533 1585 4608 substantivi
1611 4555 1713 4625 asse,
1740 4543 1865 4610 tamen
1892 4561 1968 4612 non

261 4671 491 4750 intellexisse
516 4671 681 4765 videtur,
716 4695 786 4746 nos
811 4671 849 4743 in
875 4669 947 4744 illis
973 4681 1113 4745 cedem
1139 4671 1326 4768 quandam
1360 4667 1524 4742 sormam
1557 4665 1664 4740 verbi
1697 4688 1775 4743 esse
1806 4669 1966 4748 habere:

262 4811 425 4884 luomnn
450 4804 546 4878 dico.
599 4809 720 4904 Atque
746 4807 817 4880 hec
842 4805 993 4906 quidem
1019 4827 1062 4880 ve
1087 4803 1151 4880 illa
1175 4801 1395 4894 reiciantur,
1423 4821 1519 4898 quae
1544 4827 1581 4898 p.
1597 4801 1652 4873 72
1669 4801 1836 4878 subtilius
1852 4829 1967 4904 aptam

261 4945 383 5016 varius
409 4943 458 5016 de
484 4938 669 5016 variarum
695 4940 901 5014 foratarum
929 4941 1072 5040 origine
1096 4938 1266 5036 disputat.
1296 4935 1416 5010 uiuit
1454 4935 1554 5008 enim
1587 4947 1646 5010 est
1676 4935 1806 5012 incerti
1839 4948 1877 5012 et
1908 4941 1966 5014 in-
