4520 5896
1167 167 1206 218 lV

399 372 478 449 Nec
511 373 726 467 defuerunt,
761 372 824 472 qui
854 371 1004 471 linguae
1039 372 1177 446 latinae
1211 371 1391 445 aoristum
1423 368 1668 442 vindicarent.
1724 367 1994 468 Sagarissimus
2027 369 2124 444 enim

239 517 304 594 ille
329 519 398 612 vir,
426 521 488 618 qui
514 531 634 596 totam
655 519 752 594 hanc
775 515 1111 616 comparandarum
1128 519 1340 618 linguarum
1359 519 1545 591 rationem
1566 515 1710 614 primus
1730 515 1933 609 constituit,
1959 513 2124 615 Boppius
2229 563 2230 568 =

241 677 282 741 et
308 667 371 764 qui
399 687 484 741 eum
510 666 629 742 secuti
654 651 743 740 suut
766 663 981 765 Benaryus,
1020 665 1280 758 Aufrechtius,
1317 663 1395 756 ulii,
1421 662 1578 762 perfecti
1604 662 1709 736 latini
1735 663 1877 738 formas
1903 673 1968 738 aut
1994 687 2126 738 omnes

240 821 307 886 aut
339 811 519 910 quasdam
551 813 699 888 aoristis
732 813 876 912 graecis
908 812 1146 912 respondere,
1174 811 1399 887 existimant.
1452 807 1522 886 Oui
1556 809 1725 908 opinioni
1751 773 1840 909 quid
1866 819 1905 884 et
1929 809 1969 882 in
1994 809 2126 885 formis

238 957 397 1058 perfecti
434 958 542 1032 latini
575 969 613 1034 et
650 958 690 1032 in
728 941 870 1032 earum
894 983 965 1033 usu
1002 959 1146 1053 obstet,
1188 983 1272 1034 curn
1306 958 1346 1032 in
1373 981 1533 1032 censura
1558 957 1822 1056 grammaticae
1850 957 2127 1056 comparativae

238 1097 459 1202 Boppianea
487 1087 733 1206 (Zeitscllafi
758 1103 802 1178 ul.
828 1102 1090 1178 Altertlumsw.
1120 1106 1215 1179 1843
1247 1129 1285 1202 p.
1322 1105 1411 1202 876)
1445 1113 1483 1178 et
1515 1102 1555 1176 in
1589 1103 1687 1178 libro
1715 1102 1762 1176 de
1788 1102 1914 1202 graeci
1946 1101 2126 1201 latinique

238 1249 349 1325 verbi
382 1250 616 1349 temporibus
652 1260 690 1326 et
721 1249 844 1324 modis
872 1249 972 1326 edito
1001 1251 1170 1350 pluribus
1199 1249 1456 1348 exposuerim,
1490 1249 1539 1323 ad
1564 1249 1662 1324 hanc
1691 1247 1842 1366 quidem
1868 1249 2129 1350 quaestionem

239 1393 304 1469 vel
336 1404 536 1493 propterea
565 1420 646 1471 non
677 1394 867 1471 reditmus
894 1421 996 1489 sum,
1033 1396 1135 1495 quod
1168 1407 1207 1472 et
1232 1395 1444 1494 complures
1468 1394 1572 1469 viros
1599 1357 1733 1470 doctos
1759 1395 1852 1470 mihi
1879 1395 2129 1470 assentientes

240 1538 372 1616 inveni
397 1551 435 1616 et
459 1541 673 1640 nuperrime
700 1567 798 1635 eum,
825 1543 888 1641 qui
913 1567 1019 1618 meus
1047 1567 1251 1641 eorumque
1277 1541 1341 1641 qui
1365 1541 1405 1616 in
1418 1541 1571 1615 Austris
1596 1565 1656 1616 me
1679 1541 1904 1617 audiverunt
1926 1529 2129 1616 acerrimus

240 1709 376 1762 censor
403 1669 556 1780 exstitit,
597 1685 831 1763 Ludovicum
856 1687 1040 1789 Langium
1063 1687 1301 1790 (Zauekes.
1328 1685 1363 1766 d
1390 1699 1509 1763 ostem
1533 1685 1663 1786 Gyma
1692 1689 1788 1764 1857
1802 1685 1850 1785 p.
1880 1688 1977 1784 149).
2030 1683 2126 1761 Cum

239 1829 315 1907 hoo
349 1833 463 1934 igitur
494 1833 577 1908 viro
612 1831 831 1908 doctissimo
865 1833 967 1910 idem
999 1860 1099 1910 nunc
1130 1834 1252 1940 probo
1288 1833 1524 1933 quodannis
1554 1835 1692 1910 abhinc
1718 1833 2018 1934 quattuordecim
2044 1859 2127 1933 pro·
2231 1813 2232 1840 ¹

238 1979 361 2078 posui,
387 1979 640 2080 perfectorum
665 1980 869 2058 latinorum
893 2005 1034 2082 genera
1060 1981 1197 2082 omnia,
1221 1981 1326 2056 nullo
1354 1993 1526 2081 excepto,
1554 2007 1640 2058 cum
1667 1979 1907 2076 Graecorum,
1933 1981 2128 2078 Indorum,

201 2195 205 2202 .
240 2121 517 2202 Germanorum
542 2127 730 2226 perfectis,
756 2153 835 2202 non
862 2153 948 2204 cum
974 2127 1123 2204 coriatis
1150 2151 1234 2203 esse
1261 2127 1525 2228 comparanda.

402 2297 545 2375 Verum
566 2299 666 2391 alibi,
683 2301 724 2376 ni
742 2269 864 2396 fallor,
887 2301 1103 2402 quaerenda
1123 2311 1211 2379 sunt
1234 2327 1329 2400 quaa
1349 2302 1389 2376 in
1404 2299 1662 2376 Romanorum
1686 2327 1860 2378 sermone
1882 2327 1967 2378 eum
1980 2303 2130 2378 aoristis

239 2447 386 2546 graecis
407 2449 554 2547 possint
566 2427 745 2526 conferri.
784 2449 830 2558 In
842 2475 916 2548 quo
930 2457 1022 2524 num
1041 2450 1202 2524 fortasse
1227 2448 1372 2536 formae
1397 2445 1609 2522 resederint
1635 2473 1764 2522 eorum
1791 2448 2017 2522 nonistorum
2031 2448 2130 2524 simi·

240 2591 299 2668 les
327 2593 390 2692 qui
416 2619 501 2668 cum
514 2595 626 2694 primi
643 2595 773 2672 vocari
793 2596 941 2671 soleant
962 2597 1100 2672 rectius
1122 2595 1321 2694 compositi
1334 2594 1396 2670 vel
1409 2594 1593 2693 sigmatici
1614 2592 1799 2689 dicuntur,
1824 2619 1926 2670 nunc
1947 2595 2129 2688 omittam,

238 2747 458 2813 astantum
485 2703 645 2834 curabo,
686 2765 782 2839 quaa
808 2741 857 2816 sd
892 2742 1052 2817 alterum
1078 2741 1208 2816 aoristi
1233 2765 1370 2841 genus,
1410 2739 1573 2839 simplex
1598 2740 1691 2816 illud
1720 2751 1758 2816 et
1783 2721 1984 2838 antiquius
1998 2765 2129 2816 eorum

239 2885 305 2984 qui
331 2884 486 2960 secundi
506 2885 673 2982 audiunt,
699 2889 887 2988 pertinere
909 2889 1118 2966 videantur.
1156 2889 1278 2988 Hujus
1299 2889 1447 2989 generis
1468 2888 1661 2988 proprium
1681 2899 1749 2982 est,
1775 2897 1818 2963 ut
1836 2887 1966 2964 aoristi
1984 2887 2129 2962 formae
2233 2950 2234 2970 ,

238 3053 320 3106 non
345 3029 524 3130 peculiari
549 3031 673 3130 aliqua
697 3035 878 3134 temporis
903 3046 996 3111 notu
1021 3035 1069 3110 ab
1095 3035 1141 3110 iis
1167 3035 1343 3110 differant
1367 3061 1462 3135 quae
1487 3035 1696 3136 praesentis
1717 3035 1780 3111 vel
1798 3033 2009 3133 imperfecti
2032 3041 2129 3124 sunt,

242 3175 312 3252 sed
326 3201 371 3251 ea
383 3176 467 3276 ipsa
478 3201 531 3272 re,
560 3176 662 3277 quod
675 3177 940 3258 additamentis
952 3183 1026 3260 illis
1039 3193 1179 3277 carent,
1208 3183 1368 3282 quibusa
1382 3163 1470 3260 ueta
1481 3175 1688 3258 multorum
1699 3180 1904 3256 verborum
1916 3178 2131 3280 praesentia

242 3333 280 3398 et
313 3323 535 3422 imperfecta
569 3322 760 3422 quoddam
793 3325 943 3426 pondus
979 3343 1017 3403 et
1049 3329 1232 3428 majorem
1258 3328 1482 3429 gravitatem
1509 3328 1558 3402 ad
1584 3325 1754 3402 durantis
1780 3325 1939 3400 actionis
1964 3325 2049 3400 vim·
2073 3349 2128 3398 ac·

242 3467 625 3544 commodatissimam
659 3469 699 3544 in
733 3495 774 3546 se
804 3473 999 3573 recipiunt.
1050 3472 1109 3550 Ita
1132 3475 1241 3578 'enim
1275 3476 1375 3550 inter
1408 3500 1449 3550 se
1484 3472 1663 3574 distingui
1695 3472 1796 3575 φάγω
1825 3484 1864 3547 et
1888 3463 2016 3575 palpo,
2042 3471 2128 3549 siaa

242 3625 281 3690 st
303 3625 418 3717 clara,
443 3616 585 3710 βάλλειν
611 3623 648 3689 et
672 3621 803 3726 βαλῶ,
828 3622 1017 3724 ymanus
1042 3632 1080 3696 et
1103 3622 1210 3725 aa,
1235 3624 1412 3723 ἐλάμβανε
1438 3620 1705 3720 etimllunon
1727 3619 1907 3720 estquod
1928 3643 2127 3718 exponam

240 3757 330 3836 «lem
360 3785 454 3838 vero
489 3765 590 3864 apud
613 3765 768 3844 Latinos
802 3768 842 3842 in
876 3768 1100 3866 quibusdam
1132 3771 1259 3846 verbis
1286 3769 1406 3846 simile
1433 3769 1532 3844 inter
1556 3769 1751 3844 breviores
1777 3769 1918 3843 formas
1945 3777 1984 3843 et
2008 3764 2128 3864 magb

240 3904 444 4005 productas
481 3910 672 3988 invenitur
711 3912 922 3990 discrimen.
991 3914 1234 4016 compertum
1274 3915 1349 3992 est'
1371 3913 1471 4014 apud
1504 3915 1731 3992 vetustiores
1756 3913 1949 3988 Romanos
1975 3919 2126 4011 peperat,

242 4051 350 4162 tapsi,
385 4055 514 4156 ratpot
545 4057 585 4132 in
617 4083 689 4136 usu
723 4061 849 4136 fuisse.
901 4057 1069 4151 Quorum
1102 4063 1198 4138 ratio
1225 4087 1303 4138 non
1332 4062 1425 4136 baec
1452 4073 1526 4156 est,
1561 4075 1603 4139 ut
1629 4031 1836 4162 antiqmore
1862 4067 2034 4156 tempore
2062 4077 2127 4130 ese

240 4198 385 4276 formae
412 4227 508 4301 quae
533 4203 659 4280 littera
683 4207 806 4281 nesab
831 4219 961 4285 carent
985 4212 1088 4286 solae
1114 4221 1316 4310 usurpatae
1341 4209 1491 4304 firerint,
1522 4219 1656 4309 postea
1682 4205 1894 4306 ampliores,
1921 4227 2014 4302 quae
2041 4209 2129 4276 sunt

235 4359 419 4446 ponpam,
454 4351 578 4451 tanqit,
605 4351 775 4453 stimat,
811 4355 848 4429 in
876 4355 1093 4432 breviorum
1118 4358 1243 4432 locum
1270 4358 1526 4434 successerint.
1567 4325 1673 4431 'Nam
1698 4353 1825 4429 Attius
1851 4361 1966 4452 poete
1990 4374 2026 4424 v.
2053 4349 2123 4422 231

242 4489 445 4592 (Ribbeck)
471 4493 563 4570 dicit
795 4487 803 4500 ’

659 4643 792 4758 Egone
817 4648 1003 4758 Argivum
1029 4649 1227 4748 imperium
1254 4649 1455 4752 attiapcm?

240 4783 343 4862 idem
369 4811 404 4863 v.
433 4789 507 4864 304

659 4939 754 5038 Age,
781 4967 863 5042 age,
889 4943 1056 5038 amolire,
1083 4945 1223 5038 amitte,
1250 4969 1342 5020 cave
1367 4953 1513 5018 vestem
1540 4941 1684 5043 atique,

240 5075 398 5156 Plautus
422 5047 575 5162 Mercat.
600 5111 635 5160 v.
663 5087 710 5160 32
789 5095 796 5110 '
1542 5051 1625 5068 ...„,

661 5257 756 5331 quae
782 5233 876 5308 nihil
902 5233 1080 5336 uttinpuat
1105 5238 1152 5312 ad
1177 5263 1269 5332 rem,
1296 5263 1366 5312 nec
1392 5246 1480 5312 sunt
1505 5235 1599 5330 usui,
