4520 5896
1151 102 1217 158 vm

234 311 302 386 ubi
342 310 572 409 conjunctim
609 311 787 410 leguntur
824 308 1015 407 ἑμηιθσς
1053 321 1092 384 et
1128 309 1295 410 ὅμοήθεις.
1353 309 1513 385 brevior
1537 309 1661 383 forma
1685 309 1815 409 ὁμήθης
1842 309 1943 408 apud
1968 309 2125 385 Alexan·

235 455 366 531 drinos
400 467 533 554 poetas
566 456 727 554 primos,
767 456 798 530 si
832 455 983 554 quidem
1009 455 1142 529 lexicis
1173 453 1270 529 fides
1303 453 1482 530 habenda
1513 465 1587 548 est,
1627 466 1666 530 et
1690 456 1793 530 solos
1819 455 1972 555 legium,
2013 481 2124 554 eaque

236 602 425 702 duplicem
459 625 570 676 usum
605 601 730 675 habet.
790 601 1019 700 Apollonius
1046 601 1147 675 enim
1172 599 1226 693 ΙΙ,
1253 601 1327 674 911
1353 599 1509 700 &paidom
1532 597 1653 711 delen
1685 583 1841 678 eosdem
1867 624 1963 700 quoa
1988 602 2125 676 Aristo·

234 747 333 823 teies
359 746 466 840 dixit,
493 771 611 844 aeque
637 757 818 839 moratos,
845 745 911 842 III,
940 749 1011 836 118
1038 771 1130 820 vero
1149 744 1291 855 κούμ.
1311 747 1467 846 ὁμήθιας
1490 773 1630 847 pueros
1654 758 1769 822 notos
1796 757 1836 820 et
1852 746 2064 839 familiares,
2090 757 2126 822 ct

233 893 425 970 Nicander
450 893 563 993 paulo
591 891 770 967 audacius
796 892 898 967 idom
923 891 1151 967 vocabulum
1178 891 1291 966 etiarn
1319 891 1368 966 ad
1394 917 1486 987 ram,
1513 891 1682 966 moribus
1708 890 1859 989 proprie
1882 889 2033 988 quidem
2051 901 2126 969 nob

233 1039 444 1142 praeditam
469 1037 670 1130 transtulit,
700 1063 786 1111 oum
812 1035 982 1110 Theriac.
1005 1039 1078 1110 415
1105 1036 1243 1137 ὁμήθεα
1266 1045 1381 1138 λίμνην
1406 1037 1558 1113 diceret
1611 1035 1716 1127 Quae
1743 1037 2027 1136 significationis
2052 1063 2127 1114 mu·

233 1185 327 1262 tatio
355 1183 566 1282 comparari
590 1193 718 1281 potest
743 1205 829 1256 oum
855 1181 1041 1282 ἑμοποιθής
1066 1195 1104 1258 et
1129 1181 1329 1283 danaidum
1362 1183 1463 1283 apud
1487 1185 1717 1284 posteriores
1742 1194 1782 1257 et
1807 1183 2016 1289 capacitis,
2047 1215 2128 1286 συμ·

234 1331 376 1413 πάθεα
403 1329 600 1404 nominum
626 1327 727 1426 apud
753 1327 983 1426 antiquiores
1009 1329 1213 1428 scriptores
1238 1355 1320 1406 usu.
1359 1327 1457 1404 Nam
1483 1353 1570 1405 oum
1592 1329 1689 1404 nihil
1710 1329 1830 1428 magis
1851 1353 1963 1427 quam
1982 1354 2127 1406 morum

234 1488 276 1551 et
308 1477 465 1550 affectus
498 1473 703 1549 similitudo
738 1473 1001 1550 familiaritatis
1032 1475 1212 1550 indicium
1247 1476 1296 1552 sit
1327 1487 1366 1550 et
1400 1485 1647 1574 compostae
1672 1473 1838 1548 maxime
1865 1475 1979 1550 etiam
2003 1483 2128 1570 rerum

234 1631 407 1698 naturam
441 1619 692 1708 humanorum
719 1618 924 1694 affectuum
950 1593 1229 1717 quodammodo
1251 1620 1472 1720 participem
1498 1620 1571 1696 sibi
1594 1619 1759 1719 fingant,
1791 1645 1841 1694 ex
1864 1620 2043 1718 primaria
2066 1622 2129 1696 illa

234 1765 391 1840 notione
430 1765 470 1838 in
507 1774 707 1861 utrumque
747 1786 833 1838 eom
866 1761 914 1837 do
947 1787 1022 1861 quo
1049 1761 1212 1858 diximus
1237 1765 1348 1841 facile
1372 1765 1554 1840 transitus
1579 1763 1662 1840 fieri
1686 1766 1826 1863 potuit,
1865 1777 1909 1842 ut
1934 1766 2036 1866 apud
2059 1793 2127 1844 nos

235 1909 423 1986 uocabula
448 1907 680 2009 Sympathic,
707 1907 965 2010 sympathisch
990 1910 1214 1988 latissimum
1238 1933 1350 1986 usum
1374 1911 1527 1988 babent
1570 1910 1615 1986 Id
1641 1923 1742 1986 certa
1768 1922 1920 1986 constat
1946 1911 2128 2012 significa

234 2056 351 2131 tionis
384 2054 587 2130 discrimen
620 2079 700 2129 non
732 2056 772 2130 in
806 2057 866 2156 ὀμ·
904 2067 943 2132 ct
979 2058 1058 2156 ὅμο-
1082 2057 1289 2132 formarum
1315 2057 1534 2134 diversitate
1559 2057 1726 2156 positum
1751 2081 1854 2147 esac;
1894 2057 2127 2152 consuetudo

235 2202 338 2275 anim
363 2225 442 2275 non
467 2212 616 2277 tantum
639 2201 789 2302 &aaa
812 2201 881 2277 aed
907 2204 1021 2278 ctiam
1047 2203 1214 2305 ὅμήθεια
1236 2201 1429 2304 (Philostr.
1451 2201 1528 2277 Via
1553 2202 1732 2300 Apollon.
1751 2201 1798 2295 II,
1819 2227 1855 2301 p.
1870 2202 1935 2301 61)
1963 2217 2128 2302 vocatur.

234 2349 406 2450 Apparet
442 2349 557 2450 igitur
579 2359 717 2425 ¹toturn
754 2348 865 2445 illud,
903 2350 1066 2451 dequo
1104 2350 1374 2426 Hoffmannos.
1397 2373 1433 2448 p,
1464 2350 1519 2422 16.
1538 2347 1723 2446 dispatat,
1760 2348 1860 2422 inter
1893 2349 1971 2448 ὀμ·
2001 2359 2042 2424 et
2074 2351 2129 2449 ὀμ.

235 2492 440 2570 d'norimcn
467 2495 622 2572 omuino
647 2494 756 2569 nihili
782 2471 901 2570 esses
922 2494 1030 2572 Istud
1056 2498 1156 2572 onim
1183 2496 1286 2596 quod
1311 2495 1468 2588 invenit,
1494 2493 1753 2592 sanseritoqna
1779 2517 1876 2568 rom
1900 2495 2129 2594 respondere

237 2639 351 2734 dixit,
389 2642 437 2742 ὅμ
468 2665 540 2716 nec
567 2651 694 2764 exstat
722 2641 762 2714 in
788 2641 917 2741 lingua
942 2665 1079 2741 graeca
1103 2665 1193 2734 neo,
1220 2665 1306 2717 cum
1331 2641 1477 2715 nullum
1502 2641 1543 2714 in
1569 2665 1615 2714 ea
1640 2636 1742 2738 quod
1766 2638 1806 2714 in
1831 2671 1860 2741 μ
1884 2651 1998 2715 exeat
2023 2665 2129 2716 voca·
2227 2683 2228 2752 q

236 2785 370 2861 bulum
403 2787 620 2862 inveniatur
651 2797 800 2862 exstare
834 2785 966 2884 potuit.
1017 2783 1139 2860 Immo
1164 2810 1227 2860 res
1252 2785 1307 2860 ita
1331 2809 1374 2860 se
1400 2784 1540 2860 habero
1566 2783 1735 2880 videtur,
1771 2798 1817 2860 ut
1846 2785 1968 2861 tribus
2000 2786 2128 2862 formis
2227 2863 2228 2874 ,

235 2931 429 3008 sanseritis
462 2931 562 3006 inter
592 2955 634 3006 se
668 2931 841 3030 cognatis
867 2941 945 3006 tres
971 2955 1129 3031 graecae
1154 2929 1427 3030 respondeant,
1466 2931 1712 3028 brevissimae
1744 2959 1794 3008 co
1828 2929 2061 3008 Graecorum
2092 2933 2130 3012 ot

157 3056 162 3113 ³
238 3076 429 3187 (αἴθριος)
454 3077 536 3153 sive
561 3081 602 3158 al-
627 3076 822 3177 (ci-aarsr),
848 3077 961 3177 paulo
981 3076 1142 3178 planiori
1161 3101 1257 3152 som
1281 3080 1313 3156 ὀ-
1339 3079 1533 3196 (bedese),
1561 3078 1748 3177 adjectivo
1773 3104 1880 3154 corno
1900 3077 2129 3158 Graecorum

236 3223 318 3325 lpus
344 3239 382 3302 et
406 3229 495 3330 ipa«,
522 3225 668 3301 nullum
694 3235 820 3300 autem
840 3223 981 3304 horum
994 3219 1057 3296 v‘al
1070 3221 1258 3328 aum-{atq
1282 3225 1353 3328 asia,
1381 3226 1443 3320 val
1464 3235 1550 3300 crim
1569 3223 1845 3306 Germanorum
1869 3225 1942 3319 ko,
1963 3249 2129 3327 poppa,
2227 3295 2228 3298 ,

237 3380 301 3456 val
327 3402 412 3454 cum
438 3373 698 3451 Romanorum
723 3393 839 3462 eom,
866 3391 947 3443 con
971 3365 1176 3466 quidquam
1202 3391 1403 3462 commune
1429 3371 1577 3446 habeat
1617 3365 1743 3458 Quare
1763 3395 1851 3445 cum
1868 3371 1962 3448 mihi
1981 3374 2129 3472 quidem

232 3515 413 3602 'constare
439 3517 639 3613 videatur,
666 3517 820 3611 bullum·
845 3513 948 3590 inter
965 3516 1055 3614 diso·
1090 3527 1128 3590 et
1162 3517 1225 3616 ὅμς
1251 3516 1452 3592 diacrimcn
1478 3512 1729 3609 intercedere,
1757 3501 1849 3614 'ipse
1877 3528 2004 3594 autem
2029 3517 2129 3594 Hoff·
2227 3587 2228 3600 ,

239 3695 402 3746 mannus
428 3663 613 3745 concedat
638 3687 687 3740 cx
716 3663 795 3764 ὅμοὲ
819 3671 859 3737 et
883 3664 953 3772 atqu
976 3660 1018 3736 id
1044 3660 1147 3761 quod
1171 3663 1263 3738 velit
1289 3661 1390 3737 effici
1413 3686 1492 3736 non
1518 3683 1643 3758 posse,
1668 3658 1719 3734 ad
1736 3659 1853 3736 finem
1871 3659 2132 3761 disputationis
2227 3663 2228 3752 l

238 3817 442 3910 venissem,
469 3813 544 3888 nisi
568 3811 609 3886 in
633 3806 780 3912 ingenti
805 3805 992 3906 quaailla
1017 3805 1164 3908 profert
1187 3805 1465 3882 incredibilium
1490 3803 1729 3880 multitudine
1755 3829 1873 3882 mum
1892 3805 2132 3904 inveniretur,

234 3961 344 4062 qaod
382 3954 524 4036 nolicm
564 3956 714 4033 silentio
751 3951 969 4054 praeterire.
1019 3949 1117 4028 liam
1142 3951 1448 4054 Sengebuschius
1476 3963 1515 4028 et
1538 3949 1804 4045 Hoffmannus,
1831 3954 2071 4050 quantumvis
2096 3954 2132 4027 in

238 4108 394 4208 reliquis
407 4099 518 4196 'inter
539 4122 580 4183 ab
600 4101 816 4202 discrepent
835 4101 876 4175 in
894 4099 969 4176 hoo
989 4099 1241 4192 consentiimt,
1267 4097 1371 4196 quod
1387 4095 1539 4209 Ὄμηρος
1557 4111 1596 4174 ct
1613 4099 1770 4208 Θάμυρις
1793 4098 1893 4174 inter
1912 4124 1953 4176 se
1975 4109 2133 4202 cognata

237 4277 324 4330 esse
353 4252 566 4352 opinantur.
585 4250 600 4326 .“
616 4245 782 4345 Deduc
813 4245 854 4321 in
888 4243 1121 4324 Hoffmanno
1147 4269 1227 4320 non
1251 4245 1409 4322 miratm
1435 4253 1538 4341 siun,
1576 4245 1818 4345 quiquidem
1845 4247 1959 4324 etiam
1984 4247 2058 4322 alia
2082 4245 2131 4323 di·

237 4395 472 4477 versisaima'
489 4396 588 4475 inter
620 4395 916 4494 sa·f.congmarc'
934 4391 1035 4468 dicat
1069 4403 1109 4468 et
1131 4417 1168 4491 p
1196 4392 1243 4466 52
1271 4402 1472 4492 utrumque
1497 4415 1638 4468 nomen
1663 4415 1743 4466 non
1768 4390 1885 4466 modo
1912 4417 2000 4469 cum
2022 4391 2131 4494 θέμις,

239 4540 309 4622 sed
336 4543 451 4620 etiam
475 4564 565 4616 cam
587 4535 690 4641 δῆμος
721 4549 760 4616 ct
784 4535 926 4645 δὰμάω,
964 4558 1054 4614 cum
1083 4535 1229 4636 θάμβος
1255 4547 1295 4612 et
1315 4577 1366 4596 ·-
1391 4537 1533 4637 inquo
1559 4537 1751 4614 neminem
1776 4538 2044 4632 ascendentem
2070 4539 2128 4612 ha·
2227 4561 2228 4576 ¹

240 4690 347 4767 babit
375 4729 421 4746 -
449 4711 535 4762 cum
559 4688 745 4764 sanamito
772 4687 920 4794 diemd,
947 4683 1067 4762 flandi
1093 4683 1232 4777 vcrbo,
1256 4685 1474 4784 conjungat
1526 4681 1762 4782 Quamquam
1787 4701 1866 4758 non
1892 4683 2017 4778 video,
2043 4707 2128 4782 quo·

236 4835 357 4911 modo
385 4835 478 4910 haec
505 4835 804 4910 sententiarum
830 4831 877 4906 iis
902 4831 1094 4924 concinat,
1121 4853 1218 4928 quac
1246 4839 1358 4904 antea
1385 4827 1432 4904 da
1459 4827 1593 4928 spiritu
1619 4853 1755 4929 aspero
1782 4853 1829 4903 cx
1856 4829 2023 4906 sibilanti
2048 4841 2126 4904 orto

239 4981 340 5058 bene
367 4979 552 5056 disseruit.
600 4977 677 5053 Sed
703 4976 988 5077 Sengebuschio
1014 4975 1131 5051 miror
1157 5001 1202 5050 aa
1228 4973 1276 5049 de
1301 4997 1343 5048 rc
1368 4975 1512 5050 nullam
1537 4975 1709 5088 obortam
1736 5001 1819 5052 ease
1833 4975 2125 5071 dubitationem,
