4532 5882
1044 529 1101 620 25

283 747 392 820 scrita
415 743 557 848 lingua,
587 746 710 818 omnia
734 741 799 818 illa
825 744 934 820 etiam
954 739 1007 820 de
1031 747 1198 847 personis
1222 761 1393 848 usurpata
1420 769 1497 822 esse
1523 745 1701 824 ridemus.
1754 733 1859 828 Idem

281 867 380 946 valet
404 867 450 944 de
476 873 802 944 instrumentorum
827 867 978 962 suffixis,
1006 895 1050 943 ac
1075 895 1123 943 ne
1148 872 1244 944 inter
1267 872 1421 946 activam
1441 869 1589 973 quidem
1607 877 1859 978 passivamque
1910 975 1914 986 ¹

281 993 583 1098 significationem
631 990 874 1096 distinguitur.
939 990 1044 1087 Quae
1082 997 1203 1068 omnia
1233 993 1398 1096 ‚singulis
1447 997 1620 1100 exemplis
1667 1001 1859 1102 probaturi

282 1144 417 1195 sumus.
471 1117 639 1222 Apparet
668 1119 778 1220 igitur
808 1143 886 1192 non
918 1125 1055 1194 cenam
1089 1117 1201 1194 ullius
1238 1117 1359 1192 suffixi
1398 1119 1698 1222 significationem
1736 1109 1858 1228 neque

280 1243 392 1320 alium
432 1241 649 1318 suffixorum
698 1244 866 1345 primitus
908 1269 1016 1318 usum
1065 1242 1194 1335 fuisse,
1252 1245 1322 1316 nisi
1372 1257 1414 1318 ut
1457 1269 1502 1318 ex
1521 1279 1524 1288 ⁴
1546 1243 1666 1320 radice
1687 1269 1858 1324 momen
1941 1269 1945 1276 '

278 1368 441 1444 facerent
456 1365 532 1469 ²⁰⁴).
601 1359 866 1470 Antiquissima
906 1384 1028 1442 autem
1064 1372 1213 1442 nomina
1252 1395 1367 1472 quum
1392 1365 1503 1445 ‚haud
1544 1366 1655 1444 dubie
1687 1389 1858 1448 concreta

277 1491 435 1586 suerint,
470 1509 507 1567 et
532 1519 646 1595 quum
673 1495 828 1568 maxime
854 1495 1045 1566 nominum
1071 1491 1242 1568 formatio
1269 1518 1353 1566 cum
1378 1518 1552 1595 generum
1576 1521 1646 1569 usu
1671 1512 1768 1572 arcte
1794 1523 1857 1572 co·

277 1615 439 1710 haereat,
467 1641 600 1720 genere
625 1632 748 1692 autem
774 1620 877 1721 quasi
903 1620 1022 1692 anima
1047 1618 1157 1692 rebus
1183 1619 1399 1719 inspiretur,
1432 1643 1620 1722 genusque
1644 1645 1670 1693 a
1691 1617 1858 1724 personis

279 1739 510 1844 desumptum
536 1745 583 1815 sit
613 1785 653 1800 -
685 1742 836 1846 suffixa
860 1769 886 1815 α
907 1751 1071 1844 personis
1096 1739 1331 1845 designandis
1354 1750 1523 1842 incepisse
1547 1742 1725 1820 videntur.
1765 1742 1858 1820 inde
1972 1791 1975 1800 »

277 1891 351 1940 una
378 1893 461 1940 cum
486 1892 617 1968 genere
645 1869 753 1942 etiam
785 1870 824 1940 in
849 1891 973 1940 rerum
998 1869 1148 1942 nomina
1175 1881 1211 1940 et
1236 1867 1416 1942 abstracta
1440 1865 1612 1943 translata
1638 1885 1735 1946 sunt.
1790 1872 1857 1946 At·

279 2015 352 2093 que
377 1989 472 2066 adeo
491 1988 676 2093 pellucida
691 2007 746 2066 est
757 1989 905 2094 linguae
918 1989 1081 2067 Graecae
1107 1991 1294 2084 formatio,
1322 2006 1366 2086 ut
1392 1994 1528 2082 omnia,
1559 1994 1693 2095 quibus
1718 1997 1759 2068 in
1781 1993 1857 2068 for·

277 2114 418 2190 mandis
445 2141 490 2190 ex
514 2113 636 2190 radice
661 2117 873 2191 nominibus
897 2119 1025 2208 utitur,
1053 2115 1183 2191 suffixa
1209 2114 1253 2190 ad
1280 2119 1500 2218 primitivam
1514 2115 1670 2192 formam
1689 2116 1856 2212 reducta,

278 2238 325 2316 de
351 2243 519 2352 personis
543 2243 711 2341 usurpari
736 2243 974 2314 inveniamus.
1022 2237 1136 2332 Quod
1162 2237 1344 2315 Sanscrita
1369 2245 1583 2344 praesertim
1608 2242 1729 2346 lingua
1756 2269 1857 2318 com·

273 2381 401 2469 parata
427 2364 706 2466 comprobatur.
757 2361 842 2435 Fuit
866 2365 976 2464 igitur
1000 2365 1253 2464 antiquissimo
1279 2380 1498 2467 tempore-
1512 2363 1559 2438 de
1584 2365 1659 2440 hoc
1685 2371 1783 2441 enim
1799 2367 1856 2442 lo·

276 2515 375 2593 quor
392 2533 433 2548 -
451 2485 673 2580 abundantia
691 2483 872 2589 quaedam
887 2502 931 2560 ut
947 2487 1099 2560 omnino
1116 2485 1331 2580 formarum,
1360 2491 1409 2562 ita
1421 2486 1649 2581 suffixorum,
1679 2489 1856 2591 significa-

270 2607 375 2690 tione
405 2616 466 2688 vix
492 2611 760 2686 distinctorum.
813 2610 939 2714 Atque
969 2626 1012 2686 ut
1040 2613 1156 2686 varias
1187 2608 1352 2686 ridemus
1378 2613 1505 2706 verbi,
1542 2637 1576 2688 e.
1604 2638 1640 2714 g.
1669 2615 1856 2715 praeteriti

273 2741 451 2842 temporis
477 2737 612 2812 formas
628 2738 789 2839 primum
806 2737 984 2838 generari,
1014 2745 1148 2840 easque
1164 2738 1302 2812 seriore
1316 2752 1499 2840 tempore,
1528 2740 1683 2810 maxime¹
1701 2763 1722 2810 a
1739 2735 1854 2812 Grae·

275 2865 339 2955 cis,
368 2865 507 2940 sarium
527 2865 568 2936 in
578 2886 686 2936 usum
710 2863 849 2954 vocari,
877 2863 926 2934 ita
952 2876 1083 2963 postea
1107 2858 1322 2935 suffixorum
1350 2883 1501 2965 quoque
1522 2888 1608 2936 usus
1626 2863 1760 2936 sensim
1777 2886 1855 2936 cer·

273 2990 346 3065 tius
372 2989 588 3062 constitutus
615 3001 695 3078 est,
719 2987 769 3060 ita
794 2999 837 3062 ut
852 2983 1056 3086 personalis
1072 2981 1358 3085 significationis,
1386 2983 1487 3060 unde
1510 2985 1760 3087 incipiendum
1779 2997 1856 3062 esse

272 3103 489 3201 ridebatur,
521 3113 560 3182 in
592 3104 811 3208 quibusdam
825 3105 974 3201 'suffixis
999 3109 1060 3180 rix
1084 3109 1232 3204 vestigia
1257 3124 1468 3199 serventur,
1501 3112 1551 3182 in'
1567 3108 1646 3182 aliis
1670 3108 1764 3184 haec
1788 3135 1857 3212 per

275 3237 399 3311 omnia
417 3241 601 3335 ‘tempora
631 3228 709 3304 iere
741 3225 821 3302 sola
850 3225 1018 3304 valuerit.
1074 3221 1180 3318 Quae
1211 3225 1320 3300 nobis
1352 3226 1492 3330 singula
1517 3231 1758 3302 tractantibus
1782 3231 1855 3306 cla-

273 3365 371 3436 riora
396 3357 500 3434 fient.
752 3361 755 3368 '

401 3483 545 3558 Summi
555 3495 678 3556 autem
689 3489 729 3556 in
740 3477 812 3556 doc
828 3485 1001 3557 momatur·
1012 3491 1063 3552 est
1073 3473 1254 3581 generum
1264 3475 1485 3582 drffirmtio
1516 3475 1656 3555 Eadem
1670 3480 1767 3553 enim
1780 3479 1856 3553 suf·

276 3607 360 3701 fixa,
377 3624 440 3684 aut
451 3605 603 3712 paulum
617 3619 767 3697 mutata,
795 3628 904 3707 saepe
921 3600 1087 3698 videmus
1106 3627 1238 3704 genere
1256 3627 1434 3678 converso
1452 3629 1603 3706 prorsus
1620 3603 1733 3678 alium
1747 3631 1855 3679 usum

274 3732 424 3809 habere.
443 3731 530 3819 Cfai
544 3720 694 3822 priv-ris
705 3730 774 3816 -ἡ
789 3721 945 3810 rio-rte,
959 3727 974 3798 ὅ
988 3715 1103 3834 ἅρπαξ
1116 3729 1276 3825 (avarus)
1290 3771 1329 3783 -
1342 3727 1359 3816 ἡ
1372 3715 1487 3834 ἅρπαξ
1493 3729 1722 3830 (correptio).
1740 3724 1854 3820 Quod

275 3883 351 3934 non
366 3853 532 3961 impedit,
554 3858 749 3958 quominus
764 3837 987 3928 coniunctim
1000 3847 1046 3923 de
1059 3853 1157 3924 varie
1175 3853 1357 3954 usurpatis
1375 3851 1569 3953 generibus
1586 3851 1795 3954 loquamur,
1818 3868 1855 3926 et

277 3982 407 4060 eodem
420 3978 549 4073 modo,
563 3969 690 4082 quoin
704 3967 890 4054 adiectivis
904 4002 923 4050 a
936 3967 1150 4067 masculino,
1168 3968 1270 4076 quod
1283 3999 1401 4078 perse
1413 3979 1575 4077 positum
1588 3975 1776 4049 hominem
1790 3974 1855 4052 de·

276 4111 391 4211 signat
399 4109 429 4204 (ὁ
442 4096 764 4206 ἀγαθέ-ςὼοιιυε),
780 4104 943 4177 neutrius
952 4101 1092 4202 generis
1105 4101 1296 4176 notionem
1306 4097 1532 4191 deducimus,
1551 4123 1645 4202 quae
1658 4102 1853 4175 si'rocabu·

275 4231 353 4306 lum
371 4217 537 4306 absolute
549 4233 702 4334 ponitur
715 4215 892 4304 abstracta
907 4241 962 4300 est
974 4215 1025 4324 (τὸ
1037 4214 1186 4322 dyadis,
1204 4213 1377 4324 nonum),
1394 4225 1496 4300 sicin
1511 4249 1556 4298 eo
1572 4247 1720 4325 operam
1735 4222 1853 4298 collo-
1896 4233 1903 4240 '

277 4381 414 4444 cemus,
429 4371 471 4430 ut
485 4375 578 4458 quae
592 4355 798 4430 intervaria
811 4348 973 4426 eiusdem
985 4347 1106 4424 suffixi
1117 4371 1248 4450 genera
1265 4344 1588 4440 ratiointeroedat,
1604 4345 1851 4423 enucleemus.

278 4476 530 4584 Quaredea-s,
542 4481 579 4564 d,
592 4503 808 4559 a-mseuo-s‚
821 4474 907 4562 arel
919 4503 953 4559 u,
966 4501 1027 4559 ov,
1039 4499 1108 4558 us,
1121 4473 1159 4566 og
1176 4497 1253 4548 rem
1265 4471 1419 4582 suffixis,¹
1435 4469 1853 4575 quibust-rqimquead-

335 4855 390 4936 1οὓ)
433 4853 585 4918 Praeclare
606 4853 661 4916 hac
682 4854 718 4916 dc
740 4874 774 4916 re
794 4851 924 4938 Boppius
946 4851 1029 4912 dicit:
1053 4850 1106 4910 der
1127 4847 1384 4934 Sprachgebrauch
1404 4847 1467 4931 legt
1485 4843 1672 4931 gewdhnlich
1687 4847 1775 4917 ¹meirr
1790 4849 1852 4912 Ne-

282 4958 466 5044 benbegriiie
493 4957 525 5018 in
546 4955 593 5018 die
615 4956 764 5032 Wdrter,
795 4953 835 5016 als
863 4953 942 5016 disse
967 4950 1057 5014 druch
1078 4951 1141 5014 ihre
1162 4950 1338 5014 wirklichen'
1352 4949 1504 5012 Elemente
1526 4948 1642 5012 iorrncll
1667 4949 1852 5012 aasdrticken.
1903 4981 1907 4988 ·

286 5059 361 5123 Ueb.
386 5061 412 5120 d.
435 5058 523 5120 Einfl.
546 5056 574 5118 d.
596 5055 685 5116 Pron.
706 5075 731 5116 a.
754 5055 781 5116 d.
803 5051 860 5114 W.
882 5076 910 5136 p.
922 5054 960 5115 21

1526 5155 1549 5226 4
