4520 5896
870 675 1285 742 -.-.5,-,.

402 865 502 950 paulo
525 865 724 932 accuratiore
745 865 953 950 indagatione
975 891 1056 954 opus
1079 877 1138 945 est,
1159 891 1199 934 ne
1222 892 1260 936 ea
1274 871 1401 935 diversa
1415 868 1599 948 habeamus,
1622 891 1703 953 quae
1719 871 1784 952 pri·

400 998 496 1066 mum·
514 981 639 1040 tentum
669 975 849 1060 inspicienti
881 980 1018 1062 speciem
1051 979 1214 1062 quandam
1243 979 1437 1045 diversitatis
1464 978 1631 1062 praebent.
1678 979 1784 1058 Quare

400 1108 473 1152 cum
495 1085 566 1151 aliis
588 1085 809 1152 occasionibus
831 1088 949 1154 oblatis
970 1091 1140 1157 verborum
1162 1091 1330 1174 utriusque
1351 1090 1480 1172 linguae
1501 1087 1621 1154 formas
1648 1093 1683 1154 et
1709 1109 1784 1154 con·

398 1197 601 1278 jugationum
623 1197 742 1268 classes
764 1204 968 1276 tractassem‚
990 1202 1211 1285 vocaliumque
1232 1201 1427 1266 mutationes
1454 1205 1487 1266 et
1514 1205 1702 1274 accentuum
1728 1219 1784 1264 an·

399 1307 569 1389 tiquitates
591 1309 776 1392 tetigissem,
800 1309 861 1373 hoo
883 1309 997 1376 Latine
1018 1310 1179 1378 scribendi
1201 1332 1332 1376 munere
1355 1310 1402 1376 ita
1423 1310 1470 1375 uti
1493 1309 1659 1387 oonst'tui,
1682 1316 1720 1374 nt
1742 1329 1782 1374 ox

400 1416 601 1499 amplissima
622 1419 687 1494 illa,
713 1440 797 1501 quae
819 1426 869 1485 est
891 1421 931 1485 de
953 1421 1132 1488 nominibus
1149 1421 1325 1487 formandis
1341 1427 1374 1486 et
1389 1419 1570 1484 derivandis
1587 1419 1782 1502 quaestione,

400 1527 525 1610 magnis
549 1528 731 1594 etiamnunc
752 1530 893 1596 tenebris
914 1531 1069 1608 involuta,
1091 1532 1284 1615 particulam
1307 1531 1469 1614 quandam
1491 1531 1525 1594 in
1547 1529 1687 1594 medium
1709 1548 1782 1612 pro·

401 1658 562 1720 ponerem.

484 1749 602 1830 Ingens
625 1769 776 1814 numerus
793 1757 842 1815 est
855 1751 1087 1834 adjectivorum
1101 1752 1289 1818 Latinorum
1312 1754 1324 1816 l
1343 1751 1471 1816 litterae
1487 1770 1546 1832 ope
1562 1749 1781 1826 formatorum,

403 1879 538 1942 quorum
561 1859 776 1924 nominativus
805 1861 972 1942 singularis
999 1863 1124 1944 generis
1149 1862 1317 1927 masculini
1348 1867 1405 1925 aut
1433 1860 1465 1924 in
1493 1862 1567 1936 λα-ο,
1594 1859 1707 1923 autin
1735 1861 1783 1923 lis

401 1969 474 2046 exit,
496 1969 681 2050 praemissis
705 1989 862 2034 consonae
885 1969 1091 2038 mollissimae
1112 1977 1170 2036 aut
1192 1971 1342 2036 brchbus
1364 1969 1527 2036 vocalibus
1557 1994 1592 2046 a,
1619 1973 1644 2046 i,
1670 1975 1727 2034 aut
1754 1973 1782 2044 ά,

399 2085 421 2154 ἑ,
446 2085 465 2154 ἲ,
489 2085 518 2142 rt.
563 2079 768 2144 Diversornm
791 2101 943 2162 generum
967 2082 1114 2166 exempla
1135 2083 1200 2146 sint
1219 2083 1368 2159 credulita,
1394 2082 1519 2154 vermibus,
1540 2081 1645 2158 soe'lr's,
1666 2081 1782 2154 similla,

398 2177 508 2264 α’ἰιᾶλλο,
523 2189 634 2272 fidelis,
654 2191 756 2266 mollo,
781 2192 882 2255 edatis.
926 2191 1025 2256 Plura
1055 2197 1322 2257 enumeraverunt
1343 2197 1376 2256 et
1404 2190 1642 2272 descripserunt
1669 2191 1781 2254 Rams·
1840 2197 1845 2208 '

400 2299 481 2363 horn
504 2299 624 2362 Latein.
649 2298 843 2383 Synonymilt
864 2301 961 2384 (Lips.
988 2303 1081 2385 1831)
1103 2301 1119 2364 Ι
1140 2325 1172 2386 p.
1187 2301 1318 2366 LXVIII
1335 2321 1414 2384 sqq,
1438 2299 1579 2382 Boppius
1602 2299 1708 2381 Vergl.
1724 2299 1779 2364 Gr.

401 2408 447 2473 III
470 2412 489 2488 ξ
514 2411 574 2472 937
598 2429 685 2493 sqq,
716 2410 840 2476 Pettius
863 2411 1000 2494 Etymol.
1024 2411 1155 2476 Forsch.
1177 2411 1225 2476 11¹
1254 2417 1329 2489 602,
1357 2409 1406 2473 ΙΙ2
1432 2413 1506 2486 542,
1533 2409 1598 2474 Leo
1619 2408 1727 2491 Meyer
1749 2410 1780 2474 II

402 2531 471 2591 196.
498 2525 620 2589 Horum
636 2509 868 2602 adjectivorum
883 2520 1045 2587 simillima
1059 2525 1135 2586 sunt
1143 2519 1276 2600 Graeca,
1292 2541 1374 2603 quae
1389 2520 1474 2596 λο-ς,
1487 2518 1566 2606 λη-ς,
1578 2519 1671 2598 iro-9,
1682 2526 1779 2597 teo-g,

399 2633 467 2712 λος
488 2635 618 2720 syllabis
642 2633 866 2708 terminantur,
889 2637 948 2698 aut
969 2631 1059 2696 nulla
1080 2631 1193 2707 vocali,
1216 2636 1273 2696 aut
1295 2631 1435 2713 quinque
1456 2630 1614 2696 vocalium
1636 2630 1780 2694 brevium

396 2747 603 2829 longarumve
625 2764 691 2809 una
712 2742 902 2824 praemissa,
931 2741 971 2806 de
994 2741 1110 2824 quibus
1132 2740 1297 2806 vocabulis
1319 2739 1497 2806 Lobcclviua
1521 2740 1554 2804 in
1576 2739 1779 2822 pathologiae

396 2857 552 2920 sermonis
576 2853 691 2920 Graeci
713 2849 948 2932 prolegomenis
972 2872 1001 2932 p.
1026 2855 1065 2916 36
1089 2871 1159 2933 sqq.
1183 2872 1222 2915 ea
1244 2873 1308 2932 qua
1330 2851 1412 2915 volet
1437 2850 1617 2916 subtilitate
1640 2850 1780 2933 disputa-

395 2967 447 3028 vit.
478 2965 590 3028 Totins
605 2962 771 3027 varietatis
794 2959 942 3041 exempla
957 2959 1037 3023 baec
1056 2961 1132 3024 sint:
1157 2954 1278 3038 δειλός,
1300 2957 1472 3046 τροχαλός,
1495 2954 1613 3036 ἴκελος,
1637 2951 1780 3047 ὀργίλος,

396 3069 580 3155 καμπύλος,
591 3066 738 3156 Ὀζόλης,
753 3064 897 3155 cryptae,
909 3060 1115 3155 ἁμαρτωλός,
1129 3059 1324 3152 ἆπατήλιος,
1337 3059 1531 3147 ἀνεμώλιος,
1544 3059 1697 3147 αὐαλέος,
1713 3069 1780 3159 ῥω-

394 3183 529 3265 μαλέος,
555 3181 706 3271 quidplus.
743 3179 810 3244 Neo
833 3177 956 3244 formae
971 3183 1095 3244 tautum
1119 3185 1152 3244 et
1173 3197 1324 3244 sonorum
1347 3177 1403 3242 sed
1426 3177 1522 3242 etiam
1538 3177 1778 3260 significationis

396 3299 429 3357 et
452 3315 530 3359 usus
553 3291 795 3358 similitudinem
819 3307 890 3352 esse
912 3287 1078 3367 concedes,
1098 3291 1128 3354 si
1151 3291 1235 3356 inter
1256 3309 1291 3354 se
1314 3287 1547 3371 comparaveris

600 3397 761 3490 τροχαλός
853 3403 885 3464 et
908 3399 1054 3464 tremulae
1100 3396 1265 3482 μίτολος
1343 3399 1541 3462 etorutllus

599 3507 750 3594 ὁμαλός
852 3511 1037 3574 absimilia
1098 3507 1308 3592 χθαμαλός
1343 3507 1542 3572 etbumilv'c

600 3614 805 3704 εὐτράπελος
850 3619 1007 3684 etlrode'lrt
1100 3619 1296 3710 ῥωγαλέος
1342 3619 1544 3704 etfrapilis

598 3725 799 3804 ὀπταλέος

599 3833 803 3924 ἑφθαλέος

598 3946 795 4028 καμπαλέος
849 3953 881 4013 et
903 3951 1007 4012 tortilis
1101 3944 1284 4036 φρικαλέος
1341 3954 1374 4012 et
1395 3948 1542 4010 terribilia

598 4057 763 4144 γαμήλιος
849 4060 1045 4144 etuuptiolia
1097 4050 1324 4140 ἀνεμώλιος
1342 4064 1374 4120 et
1394 4058 1563 4120 animulis

393 4189 529 4250 qnorum
551 4168 770 4251 exemplorum
792 4189 843 4246 ea,
872 4187 954 4250 quae
977 4189 1039 4232 non
1062 4175 1186 4234 tantum
1208 4168 1447 4244 terminatione,
1475 4165 1531 4230 sed
1554 4165 1652 4229 etiam
1675 4164 1775 4246 stirpe

393 4279 478 4342 inter
499 4299 533 4343 se
555 4285 744 4363 congruunt,
771 4278 889 4342 litteris
913 4278 1051 4342 diductis
1078 4278 1233 4362 insignivi.
1278 4277 1372 4355 Quod
1401 4277 1428 4342 si
1450 4275 1594 4358 quaeris,
1623 4293 1706 4356 quae
1735 4274 1776 4338 sit

393 4386 506 4452 horum
529 4389 759 4472 adjectivorum
782 4389 984 4472 significatio,
1007 4408 1072 4454 non
1093 4387 1185 4454 facile
1203 4409 1281 4452 saue
1303 4386 1495 4454 describitur
1517 4391 1550 4452 ct
1570 4384 1720 4450 definitur
1741 4382 1775 4446 id

395 4498 481 4580 qood
516 4501 660 4578 omnibus
686 4501 852 4584 proprium
882 4506 939 4566 est.
990 4499 1120 4564 Certum
1147 4505 1256 4564 tamen
1283 4504 1333 4564 est
1359 4495 1483 4580 aliquid
1508 4497 1664 4560 interesse
1690 4493 1775 4558 iuter

850 3793 882 3851 et
905 3789 1046 3852 cortilia
1099 3785 1285 3876 ταρβαλὲος
1342 3789 1532 3869 attenditis

394 4607 554 4674 tumulum
576 4615 609 4674 et
630 4623 794 4678 momentum
817 4617 850 4676 et
870 4611 1100 4683 tremebundum,
1122 4610 1208 4674 inter
1230 4610 1342 4676 accola
1364 4613 1397 4672 et
1418 4619 1508 4680 cocto,
1530 4606 1615 4670 inter
1636 4608 1775 4670 animata

393 4723 426 4783 et
445 4719 601 4796 animalia,
632 4719 717 4785 iuter
737 4725 833 4806 fidum
860 4727 893 4786 ct
912 4721 1042 4804 fidelem,
1071 4719 1271 4806 interneque
1297 4723 1330 4784 et
1351 4719 1503 4804 aequalia,
1533 4716 1666 4782 multum
1692 4715 1775 4780 inter
