4444 5866
1098 423 1132 496 8

1020 517 1212 532 --ιιι

258 657 328 729 ega
353 653 442 709 tuus
464 629 756 732 maturitate,
782 655 896 734 psam
920 629 1018 708 mla
1038 651 1151 711 casua
1175 631 1371 724 nautea,
1395 650 1481 707 cam
1504 631 1717 742 terbetlay'c,
1742 633 1810 736 qui
1832 633 1979 730 Lycor-

259 794 364 846 mam
387 792 438 842 ex
462 763 593 840 itinere
613 764 836 864 praecessit,
861 766 1084 842 addendum
1116 765 1270 864 putaui,
1307 781 1348 840 ut
1377 792 1506 866 posses
1538 792 1589 842 erc
1620 734 1839 865 nycaenus
1862 782 1897 842 et
1928 795 1981 841 esc

259 899 359 997 repis
378 895 544 998 epactalis
566 897 715 996 pariter
739 927 977 1004 cognoscere,
1011 927 1107 1002 petae
1122 900 1299 996 sonasse
1320 899 1468 1000 pariter
1500 901 1596 976 scire
1627 903 1789 978 deberes.
1842 905 1980 978 Merito

261 1035 417 1112 oflendit
446 1034 497 1108 lc.
524 1031 632 1132 Casp.
660 1035 857 1132 Orellium,
884 1037 987 1136 qnod
1011 1035 1144 1140 legitur
1166 1034 1209 1111 ia
1229 1032 1395 1115 editione
1409 1035 1590 1136 principe,
1617 1061 1731 1136 pam
1745 1059 1830 1112 esse
1845 1043 1980 1114 Avun-

264 1173 403 1248 tianam
428 1194 462 1244 a.
495 1167 589 1241 1502
615 1173 784 1268 eamque'
801 1171 922 1246 salam
947 1171 994 1246 ad
1020 1167 1158 1242 codicis
1184 1167 1298 1240 fidem
1323 1190 1544 1268 expressam
1569 1169 1628 1246 vir
1650 1171 1715 1246 ille
1742 1171 1980 1248 doctissimus

260 1304 415 1382 historia
440 1301 565 1378 britios
590 1301 833 1402 epistolarum
857 1303 968 1378 Plinii
994 1312 1032 1378 et
1056 1300 1209 1378 Traiani
1234 1325 1270 1376 a.
1299 1301 1399 1387 1838
1425 1303 1563 1398 docuit,
1589 1303 1810 1380 tabellarios
1835 1309 1980 1380 Saura-

261 1454 389 1518 muas.-
414 1437 554 1512 Plinius
579 1435 701 1530 enim,
729 1445 770 1512 ut
795 1437 899 1512 cuius
923 1435 1141 1514 auctoritate
1166 1435 1232 1510 ille
1257 1434 1407 1513 nuntius
1432 1437 1569 1516 missus
1594 1450 1694 1514 esset
1718 1464 1770 1518 ex
1795 1439 1984 1517 larmulse

264 1579 347 1680 lege
378 1565 594 1672 imperatori
635 1565 878 1670 significaret,
917 1571 1083 1646 scribere
1122 1569 1283 1646 debebat
1322 1569 1543 1670 tabellarias
1581 1577 1832 1682 Saurasaatae
1866 1575 1983 1672 regri,

137 1709 141 1717 ’
263 1710 369 1788 sicuti
396 1705 509 1781 etiam
533 1703 663 1778 iterata
688 1703 881 1780 mantione
908 1729 969 1806 ep.
989 1706 1036 1778 14
1061 1729 1189 1800 regem
1204 1708 1453 1780 Saarmaaten
1478 1705 1572 1780 dixit
1598 1719 1635 1784 ct
1662 1732 1723 1808 ep.
1744 1709 1789 1783 15
1816 1709 1986 1806 legatum
2057 1791 2062 1804 ,

264 1845 366 1944 regis
387 1845 653 1918 Suarattaratae.
704 1837 753 1912 Et
779 1860 875 1936 quae
901 1837 972 1914 hac
997 1839 1077 1940 ipsa
1103 1839 1142 1912 iu
1168 1839 1324 1938 epistola
1349 1839 1507 1940 legimus
1543 1856 1585 1916 at
1609 1868 1738 1942 posses
1762 1869 1813 1916 ea
1838 1845 1985 1946 Lycur-

265 2005 352 2058 mae
376 1989 411 2051 et
435 1999 486 2048 ea·
508 1970 609 2070 regis
642 1967 810 2070 epistolis
839 1971 987 2072 pariter
1019 1998 1240 2069 cognoscere
1265 1999 1349 2074 sqq.
1384 1973 1548 2050 indicare
1579 1975 1752 2052 videntur
1784 1977 1861 2052 iam
1895 1978 2005 2054 aute'

265 2116 383 2190 lmese
407 2133 536 2212 regem
561 2109 808 2184 Sauromaten
833 2105 1079 2182 nominatum.
1122 2105 1285 2182 Orellius
1311 2107 1401 2180 rhun
1428 2108 1539 2183 scribi
1562 2107 1875 2188 vulttcbellarius
1886 2117 1988 2187 Saa-

241 2259 438 2326 ¹amantea
461 2268 538 2320 non
563 2241 707 2320 adiecta
731 2239 830 2342 regis
855 2237 1104 2340 appellatione
1135 2238 1316 2340 loquendi
1347 2265 1465 2344 genus
1498 2241 1641 2319 inducit
1675 2272 1809 2346 parum
1841 2271 1985 2324 couve-

268 2387 375 2462 niens
393 2377 572 2482 epistolae
598 2377 646 2450 de
671 2375 784 2451 rebus
809 2371 966 2474 publicis
992 2373 1039 2446 ad
1064 2357 1333 2474 imperatorem
1358 2373 1477 2451 datae.
1518 2377 1690 2476 Sequem
1703 2383 1863 2456 verbum
1878 2383 1988 2458 cuius

185 2607 190 2618 ,
267 2527 370 2600 recle
383 2514 522 2591 dictum
534 2518 638 2612 putat
651 2508 826 2602 Orellius,
853 2505 955 2606 quod
982 2531 1057 2604 quo
1082 2507 1198 2582 modo
1223 2534 1292 2606 per
1317 2509 1464 2614 linguae
1479 2511 1615 2588 latinae
1629 2515 1817 2590 rationem
1834 2517 1988 2594 defendi

267 2651 385 2760 possit
410 2643 590 2748 eqrridem
614 2665 691 2716 non
717 2642 839 2716 video.
891 2641 1020 2736 Neque
1046 2651 1103 2714 cst
1128 2642 1384 2740 opportunitas
1410 2644 1447 2715 in
1482 2644 1645 2719 adventu
1678 2647 1807 2748 legati,
1844 2653 1911 2724 sed
1946 2651 1986 2726 in

268 2813 316 2871 00
341 2783 483 2884 posita,
516 2775 617 2876 quod
642 2775 716 2849 hoc
740 2775 824 2874 ipso
850 2781 1023 2872 tempore
1048 2773 1262 2872 Lycambae
1288 2775 1467 2874 epistolae
1492 2777 1540 2850 ad
1566 2779 1833 2882 imperatorem
1858 2783 1987 2882 perie-

268 2933 418 3000 runtur:
445 2914 516 2988 hac
541 2911 589 2986 de
614 2927 725 2988 causa
750 2907 892 2984 Plinius
918 2917 1046 2983 censet
1069 2934 1146 2982 non
1174 2932 1258 2983 esse
1282 2909 1352 2984 sibi
1378 2909 1591 3005 Lycormae
1616 2911 1818 2990 adventum
1844 2941 1989 3018 expec-

270 3055 444 3146 tandum,
477 3047 543 3122 sed
570 3041 694 3120 statim
719 3041 953 3118 tabellarium
978 3043 1123 3144 regium
1148 3043 1310 3118 Romam
1345 3043 1587 3138 mittendum,
1612 3040 1662 3120 ¹ut
1693 3057 1850 3150 utraque
1881 3067 1989 3152 parte

270 3189 393 3270 audita
411 3183 608 3284 integrum
639 3175 687 3252 sit
710 3175 927 3274 imperatori
953 3175 1140 3251 derebus
1166 3177 1409 3253 Sauromatae
1424 3179 1532 3280 regis
1559 3162 1747 3276 iudicium.
1800 3187 1873 3286 Qui
1899 3213 1989 3262 sen.

271 3323 471 3404 tentiarum
496 3338 619 3390 nexrrs
644 3317 685 3384 ut
709 3312 921 3386 restituatur
956 3334 1026 3408 pro
1058 3307 1163 3382 cuias
1195 3305 1434 3383 scribendum
1467 3321 1557 3412 puto
1583 3307 1702 3410 regis,
1739 3315 1875 3394 deinde
1900 3346 1988 3397 cum

273 3459 435 3536 editione
451 3447 586 3526 Aldina
611 3445 854 3537 inserendum
881 3471 1001 3548 queem.
1031 3421 1194 3518 vTotum
1219 3443 1329 3544 igitur
1354 3443 1479 3516 locum
1504 3445 1555 3519 ita
1581 3445 1683 3549 lego:
1709 3455 1778 3525 sed
1801 3453 1901 3530 venit
1926 3471 1988 3530 ta-

272 3560 450 3672 bellarias
484 3586 735 3658 Sauromatae
765 3577 884 3675 regis,
920 3562 1028 3680 quam
1052 3603 1120 3674 ego
1151 3601 1241 3651 aaa
1273 3577 1569 3676 opportunitate,
1606 3611 1719 3686 quiam
1751 3561 1849 3664 nubi
1878 3617 1990 3668 cam

273 3727 468 3812 merae,
493 3715 712 3792 mittasdsaa
734 3715 870 3814 attavi
892 3740 975 3814 sqq.
1027 3713 1170 3786 Mutato
1197 3722 1322 3786 autem
1348 3713 1517 3807 consilio,
1543 3739 1592 3790 ne
1616 3716 1794 3798 libertum
1818 3727 1987 3825 impera.
2039 3780 2042 3793 .

273 3861 365 3940 toris
392 3851 619 3946 offenderet,
639 3849 779 3924 Plinius
805 3851 967 3950 legatum
992 3847 1100 3920 illum
1125 3845 1265 3943 aliquot
1291 3845 1370 3919 dies
1395 3851 1492 3945 apud
1519 3875 1561 3923 se
1586 3854 1754 3928 retinuit:
1788 3861 1889 3954 quod
1922 3885 1989 3937 cur

275 3995 409 4072 (liutius
436 3989 561 4064 lacere
587 3981 749 4062 noluerit
768 3981 874 4080 epist.
906 3983 952 4056 15
977 3979 1172 4082 diligenter
1198 3993 1363 4053 excusat.
1407 3987 1572 4081 Apparet
1588 4011 1675 4061 eum
1691 3987 1854 4086 quodam
1872 3993 1988 4070 modo

277 4131 374 4232 regis
395 4135 520 4228 partes
546 4118 754 4220 suscepisse
780 4125 831 4208 et,
858 4139 907 4188 ne
930 4115 983 4188 illi
1008 4113 1150 4194 incuria
1174 4113 1294 4202 fieret,
1322 4113 1401 4186 eius
1421 4099 1486 4190 vel
1502 4143 1634 4217 proces
1649 4123 1710 4196 vet
1726 4123 1987 4204 ‹tetensionem

276 4265 324 4342 ad
349 4265 613 4360 imperatorem
639 4251 760 4326 invito
786 4249 974 4348 Lycorma
1000 4247 1207 4348 pertulisse.

377 4394 559 4469 Troianus
585 4388 631 4464 ad
659 4383 819 4462 Plinium
844 4408 904 4482 ep.
930 4384 994 4458 84.
1020 4379 1327 4480 Iaerpresaaont
1357 4396 1464 4472 tuae,
1498 4385 1554 4458 mi
1583 4393 1750 4464 &curule
1780 4397 1988 4486 carissime,

277 4531 302 4578 ⁴*
334 4525 509 4604 cristiano
538 4526 718 4600 hactenus
750 4516 870 4594 edicto
903 4517 985 4592 divi
1013 4517 1181 4614 Augusti
1210 4532 1391 4592 ammam
1422 4543 1499 4594 csse
1529 4521 1648 4616 legem
1674 4525 1913 4627 Pompeiam,
1948 4545 1988 4603 us

277 4666 541 4763 magistratum
564 4658 714 4760 quidem
737 4679 876 4754 capere
898 4669 1048 4754 possem
1072 4653 1116 4744 ii,
1144 4652 1210 4756 qui
1230 4677 1308 4728 stoa
1333 4651 1497 4728 minores
1522 4657 1682 4732 dmm
1702 4675 1738 4735 ct
1758 4663 1895 4759 asks'ati
1916 4693 1989 4739 rm-

278 4823 413 4875 acrraa
444 4804 582 4882 amu,
619 4803 655 4866 et
688 4787 754 4892 qui
777 4785 968 4888 capram,
994 4787 1034 4882 ia
1059 4797 1231 4864 scamas
1261 4787 1436 4890 cuisapw
1459 4787 1624 4866 civim
1644 4797 1891 4894 pemani-m
1943 4803 1987 4875 ln

279 4939 354 5012 bac
379 4935 466 5007 loca
489 4940 528 5002 et
550 4924 618 5028 qui
640 4923 822 5026 seme
845 4922 1049 5000 ub0rellio
1075 4943 1126 4996 ax
1140 4922 1314 4998 beroaldi
1340 4925 1551 5001 mucan
1576 4925 1754 5025 scriptum
1776 4941 1847 5024 est,
1873 4953 1988 5032 qum
