4520 5896
1112 747 1277 818 -12

562 948 612 1001 bei
634 947 713 1000 nicht
731 945 895 1000 allauiester
906 944 1091 1008 carnoten,
1110 944 1245 999 deutsche
1257 942 1384 1014 Sprache
1396 943 1454 998 und
1468 943 1625 999 Litteratnr
1636 944 1826 1015 philologisch
1842 944 1953 1000 kennen

562 1049 597 1086 zu
625 1032 721 1086 lernen
743 1031 772 1084 in
796 1029 983 1100 Verbindung
1007 1030 1058 1082 mit
1081 1029 1144 1084 dem
1168 1028 1296 1084 Studium
1322 1030 1372 1083 der
1397 1027 1569 1084 Gescliicbte
1597 1031 1653 1084 und
1680 1029 1730 1086 der
1758 1029 1953 1084 romaniscben

563 1117 718 1186 Spracben.
756 1117 805 1172 lclr
824 1118 914 1187 benog
934 1131 963 1170 so
981 1115 1082 1170 Ostern
1102 1115 1169 1168 1865
1187 1115 1232 1170 die
1251 1115 1427 1170 Universitlit
1444 1118 1530 1182 Jena,
1555 1131 1601 1170 um
1620 1131 1670 1169 vor
1687 1115 1779 1169 Allem
1799 1115 1845 1169 die
1863 1131 1954 1185 gram

564 1203 722 1256 matischen
749 1202 888 1272 Vortrlige
915 1202 965 1256 des
992 1217 1050 1254 nun
1078 1199 1373 1270 dahingeschiedenen
1398 1200 1562 1256 Schlsicber
1585 1219 1620 1256 zu
1644 1201 1737 1255 bb'ren.
1780 1199 1953 1255 Gescbichte

562 1287 642 1342 hb'rte
667 1287 713 1340 ich
739 1287 784 1342 bei
810 1287 900 1342 Adoll
919 1285 1047 1343 Schmidt
1068 1287 1125 1340 und
1149 1285 1197 1340 Dr.
1221 1285 1342 1353 Simeon,
1366 1285 1491 1356 empfing
1513 1287 1670 1358 Anrsguug
1694 1305 1756 1341 aum
1782 1285 1953 1340 Betrechten

562 1373 713 1426 deutscher
725 1373 985 1444 Kunstgeschichte
1002 1373 1060 1427 und
1078 1389 1126 1424 sur
1139 1371 1313 1442 Mythologie
1334 1373 1379 1425 bel
1393 1373 1442 1426 Dr.
1457 1371 1640 1443 Klopflsisch,
1657 1373 1686 1426 in
1702 1369 1881 1441 Philosophie
1894 1371 1952 1425 und

562 1457 750 1528 Psycbologie
773 1458 888 1512 iiibrten
915 1459 990 1513 mich
1014 1457 1148 1527 Fortlage
1170 1457 1228 1510 und
1251 1456 1286 1510 K.
1313 1457 1430 1512 Fischer
1453 1460 1506 1513 ein.
1543 1458 1597 1512 Ein
1615 1464 1799 1512 vernanterer
1817 1456 1953 1526 Umgang

563 1543 615 1596 mit
635 1543 683 1596 Dr.
704 1543 842 1598 Reinbold
862 1542 1015 1598 Bechstein
1034 1544 1082 1598 bot
1099 1543 1162 1598 dem
1181 1540 1330 1613 Aufbnger
1347 1543 1511 1613 Belehrung
1528 1545 1599 1598 iiber
1617 1543 1663 1598 die
1681 1542 1881 1614 Entnicklang
1902 1541 1953 1595 der

566 1628 707 1697 Disciplin
731 1629 787 1682 und
812 1629 863 1683 dns
883 1629 1005 1698 Beispiel
1032 1628 1240 1698 planmitssigen
1260 1628 1417 1682 Arbeitens.
1454 1627 1524 1683 Vom
1544 1629 1791 1685 Wintersemeater
1818 1625 1951 1684 1866-6'1

564 1731 600 1767 an
628 1713 671 1768 bis
691 1715 762 1784 jetnt
781 1714 854 1769 habe
871 1715 918 1770 ich
937 1715 1132 1784 Vorlesungen
1150 1713 1203 1767 auf
1223 1712 1346 1784 biesiger
1363 1711 1539 1769 Universitlit
1556 1715 1689 1782 besucht,
1715 1716 1772 1768 und
1791 1731 1865 1768 strar
1882 1713 1952 1768 iiber

560 1799 690 1854 Sanskrit
708 1800 752 1854 bei
778 1799 870 1853 Herrn
883 1799 955 1854 Prot.
970 1799 1144 1866 Broolrlraus,
1163 1800 1233 1854 iiber
1250 1799 1446 1870 germaniaclre
1465 1801 1521 1854 und
1540 1801 1718 1854 romaniscbe
1730 1799 1874 1870 Spracben
1886 1799 1951 1853 and

560 1885 717 1939 Litteratur·
742 1885 787 1938 bei
815 1883 868 1937 den
889 1883 952 1936 llll.
981 1886 1053 1938 Prot.
1077 1885 1203 1938 Zarncke
1225 1885 1282 1938 und
1307 1883 1407 1947 libert,
1435 1885 1566 1939 withrend
1589 1884 1635 1939 iclr
1658 1883 1704 1939 lnr
1727 1885 1952 1957 geschichtliobe

560 1972 715 2040 Auregung
736 1970 790 2024 den
808 1969 872 2023 HH.
896 1970 969 2024 Prol.
990 1970 1122 2035 Rosclier,
1141 1969 1235 2040 Volgt,
1255 1969 1381 2024 Brandes
1400 1969 1531 2024 dankbar
1548 1971 1605 2024 bin.
1638 1969 1725 2026 Nicht
1743 1985 1893 2041 vergessen
1912 1969 1952 2024 sei

562 2054 612 2108 der
625 2054 709 2108 Danlr
728 2055 774 2107 fiir
791 2055 836 2109 die
849 2054 1021 2126 Belelirang,
1041 2057 1086 2111 die
1104 2056 1152 2110 ich
1170 2056 1242 2109 nach
1260 2055 1456 2126 exegetischer
1468 2054 1543 2110 Seite
1557 2055 1607 2110 bin
1618 2071 1670 2109 ans
1682 2055 1798 2110 biterem
1814 2055 1951 2125 privatenr

559 2139 788 2193 Zusammensein
812 2141 863 2193 mit
882 2141 954 2194 Prof.
976 2141 1081 2196 Radalf
1098 2141 1273 2196 Hildebrand
1292 2141 1436 2209 scbiipfte.'
1472 2139 1601 2209 Scripsit:
1629 2142 1714 2194 Ueber
1732 2142 1775 2194 dic
1797 2140 1886 2201 Qaelte
1905 2145 1950 2194 <ter

564 2225 711 2293 Greqoriar
730 2226 905 2279 Hartmann’r
923 2245 945 2281 n.
964 2229 1038 2281 Aac)

627 2309 803 2366 CAROLUS
822 2311 1068 2368 ALEXANDER
1087 2311 1318 2368 WOLDEMAR
1336 2311 1497 2367 SEYDEL.
1534 2314 1632 2364 ‘Natus
1654 2329 1715 2364 sum
1733 2312 1813 2366 XXI.
1833 2329 1867 2364 m.
1886 2315 1949 2365 lan.

558 2412 583 2449 a.
593 2395 823 2452 uncccxntv
837 2399 865 2450 in
875 2398 938 2452 rico
946 2415 1031 2469 prope
1043 2399 1168 2469 Lipsiam
1178 2399 1239 2462 sito,
1251 2399 1296 2451 cui
1305 2415 1404 2451 nomen
1416 2405 1457 2450 est
1467 2397 1599 2462 Zehmen,
1610 2403 1689 2466 patra
1699 2396 1799 2452 Oarolo
1810 2397 1951 2452 Friderico

557 2479 676 2552 Seydel,
700 2483 777 2552 apud
803 2481 1008 2538 Zebmcneuses
1031 2491 1061 2538 et
1083 2483 1280 2538 Ruebenenses
1307 2491 1488 2553 praeceptore
1513 2489 1542 2537 et
1566 2489 1692 2550 cantore,
1716 2490 1806 2538 matre
1824 2482 1951 2538 Carlotta

559 2567 710 2621 Haurietta
734 2583 750 2621 e
778 2574 863 2638 gente
883 2568 1108 2623 Herrmanniana
1126 2567 1255 2634 oriunda,
1281 2583 1365 2639 qaam
1385 2569 1454 2623 deus
1473 2567 1561 2622 voluit
1579 2575 1759 2636 praematura
1778 2568 1845 2623 mibi
1864 2575 1951 2622 morte

559 2652 636 2724 eripi.
673 2651 798 2722 Contigit
816 2659 909 2707 eutem
929 2655 1006 2721 mibi,
1025 2661 1055 2708 ut
1073 2657 1192 2709 alteram
1211 2653 1344 2708 baberent
1363 2663 1492 2718 matrem,
1512 2652 1641 2706 Emiliam
1660 2671 1676 2706 c
1695 2662 1779 2724 gente
1799 2653 1951 2710 lleiclrsrd·

556 2736 635 2789 tiana
658 2743 839 2807 prognatam,
866 2755 953 2808 quae,
980 2745 1012 2792 ut
1035 2738 1150 2792 fratrem
1177 2746 1205 2793 et
1231 2755 1349 2806 sorores,
1377 2740 1417 2793 ita
1443 2737 1528 2793 etism
1553 2755 1598 2792 me
1623 2755 1716 2793 amore
1740 2755 1804 2794 rere
1825 2747 1950 2794 materno

557 2822 688 2890 amplexa
707 2828 757 2876 est.
785 2823 887 2875 Primis
906 2823 1049 2877 literarum
1069 2823 1214 2878 elementis
1234 2831 1262 2879 et
1281 2825 1317 2878 ab
1335 2826 1396 2894 ipso
1414 2833 1494 2894 patre
1515 2830 1544 2878 et
1561 2839 1579 2877 a
1597 2825 1656 2878 viro
1674 2839 1781 2878 summe
1799 2826 1950 2880 reverendo

556 2915 583 2962 et
607 2908 712 2978 optime
736 2907 771 2961 de
797 2907 969 2975 memerito,
994 2909 1027 2962 Α.
1048 2907 1082 2961 Η.
1102 2909 1287 2974 Abendroth,
1311 2910 1390 2964 verbi
1409 2911 1494 2964 divini
1513 2910 1589 2980 apud
1608 2909 1814 2965 Zehmenenees
1832 2918 1861 2965 et
1878 2909 1949 2965 Rue

557 2993 694 3048 benenses
715 2993 848 3058 ministro,
867 2991 1012 3048 institutus
1031 3011 1104 3048 auno
1123 2996 1148 3048 b
1170 3013 1190 3049 a.
1209 2996 1442 3066 quinquagesimo
1460 2995 1618 3066 septimoin
1632 2995 1756 3049 scholam
1771 2995 1948 3050 Thomanam

557 3079 731 3148 Lipsienrem
758 3084 888 3148 receptus
911 3095 987 3147 sum,
1017 3083 1097 3150 cujus
1121 3082 1274 3151 disciplina
1298 3083 1452 3136 rectoribus
1469 3082 1536 3134 viris
1554 3080 1717 3135 clarisaimis
1735 3089 1764 3135 et
1782 3082 1949 3136 benevolen-

556 3165 670 3218 tissimis
694 3163 869 3230 Stallbaum,
903 3163 1031 3235 Lipsius,
1064 3166 1175 3222 Kraner
1204 3183 1255 3236 per
1276 3167 1498 3238 quinquennium
1522 3167 1563 3220 ati
1588 3167 1657 3219 mint
1682 3166 1770 3224 licuit.
1813 3165 1949 3237 Superato

554 3249 725 3304 maturitatis
744 3251 872 3304 examine
890 3266 954 3304 cum
973 3269 1008 3304 m.
1022 3249 1082 3310 Oct
1101 3268 1127 3304 a.
1140 3250 1357 3307 MDCCULXII
1375 3253 1448 3306 inter
1469 3254 1544 3306 cives
1562 3251 1740 3306 academicos
1758 3253 1947 3306 universitatis

554 3336 709 3407 Lipsiensis
734 3337 841 3390 relatus
867 3352 970 3400 essem,
996 3353 1046 3406 per
1068 3337 1284 3405 quadriennium
1308 3337 1451 3390 literarum
1472 3337 1693 3408 theologicarum
1711 3345 1740 3393 et
1757 3343 1893 3408 quantum
1912 3337 1948 3392 ad

556 3421 734 3491 disciplinam
760 3421 931 3492 exegeticsm
958 3422 1146 3476 neceesarium
1166 3422 1508 3492 duxi,‚philologicarnm
1535 3423 1636 3478 studiis
1655 3441 1699 3477 me
1717 3423 1828 3478 tradidi.
1866 3425 1947 3479 Prae·

555 3507 714 3578 ceptoribua
744 3523 812 3560 usus
840 3524 901 3562 snm
925 3507 991 3561 viris
1009 3507 1203 3560 illustrissimis
1223 3507 1347 3570 Abram,
1374 3509 1447 3564 beat.
1468 3513 1574 3579 Anger,
1600 3509 1773 3576 Brocchum,
1799 3507 1948 3576 Drobiscli,

556 3593 666 3656 Fricke,
687 3592 839 3660 Hofmann,
857 3592 978 3660 Kahais,
997 3592 1087 3652 Klots,
1107 3593 1205 3660 Krelrl,
1227 3595 1357 3661 bachler,
1378 3595 1529 3659 Luthardt,
1547 3595 1620 3648 beat
1634 3593 1726 3662 Tuch,
1740 3595 1945 3659 Westermsnn,

553 3693 623 3749 quos
641 3678 715 3732 viros
733 3693 829 3733 omnes
848 3679 1007 3750 gratisdnro
1024 3695 1134 3748 semper
1145 3679 1239 3733 animo
1251 3679 1349 3734 colam.
1374 3679 1510 3736 Examina
1528 3695 1577 3749 pro
1589 3681 1775 3735 candidatura
1787 3679 1946 3751 theologiae

553 3771 582 3818 et
607 3777 657 3834 pro
677 3765 793 3818 licentis
816 3764 996 3820 contionandi
1019 3771 1149 3835 superato
1168 3763 1291 3836 Lipsinm
1315 3765 1430 3836 reliqui,
1453 3773 1485 3819 ut
1506 3767 1621 3820 ineunte
1639 3766 1765 3820 semestri
1785 3765 1902 3820 bibento
1920 3783 1946 3819 a.

553 3849 782 3905 MDCCCLXVI
807 3851 835 3902 in
859 3849 957 3904 schola
979 3851 1090 3920 privata
1110 3851 1338 3919 Blaaesritzisna,
1362 3867 1445 3921 quam
1471 3852 1630 3906 moderatur
1655 3851 1696 3904 vir
1714 3851 1785 3906 doct.
1807 3851 1945 3916 Pietatem

552 3936 741 4005 praeceptoris
770 3943 798 3990 et
827 3935 985 3990 educatoris
1012 3951 1113 3990 munus
1140 3937 1318 4005 susciperem.
1362 3935 1418 3992 Sed
1446 3937 1537 4007 spatio
1563 3953 1598 3990 ne
1626 3937 1707 3990 unius
1734 3937 1847 4006 quidem
1878 3937 1944 3990 anni

553 4029 651 4076 exacto
678 4022 802 4092 lipsiam
830 4021 900 4076 redii
930 4021 1025 4092 ibique
1052 4039 1077 4077 a.
1106 4021 1349 4077 MDCOCLXVII
1377 4021 1558 4095 honorificum
1587 4023 1752 4092 catechetse
1782 4023 1818 4076 ad
1846 4022 1944 4076 aedem

551 4107 693 4162 Petrinum
713 4123 825 4172 munus,
848 4105 922 4176 quod
941 4107 1049 4175 habita,
1073 4125 1130 4178 qua
1148 4107 1332 4163 concionandi
1352 4108 1506 4177 periculum
1525 4106 1614 4172 ficret,
1634 4108 1759 4162 oratione
1776 4107 1813 4161 ab
1832 4107 1944 4178 amplis·

551 4195 620 4248 simo
645 4193 760 4262 Lipsiae
783 4193 860 4246 urbis
884 4193 1050 4264 magistratu
1074 4194 1237 4247 mandatnm
1261 4193 1330 4245 mihi
1354 4203 1427 4259 erat,
1452 4193 1505 4247 rita
1527 4194 1691 4262 auspicatus
1715 4194 1793 4246 sam!
1835 4193 1944 4251 Dtsscr·

549 4280 620 4333 tatio
643 4279 703 4348 ejus
726 4277 900 4332 inscribitur:
931 4278 1090 4332 Vaticiniam
1113 4277 1234 4348 Obcdjae
1256 4281 1398 4331 secandum
1423 4287 1519 4331 tentans
1538 4278 1697 4331 Hebraicum
1724 4287 1749 4330 et
1769 4277 1943 4332 Chaldaicam

550 4363 686 4420 Jonatliac
720 4365 959 4434 interpretativum
994 4365 1097 4418 ratione
1130 4364 1225 4416 liubila
1261 4363 1446 4416 translationis
1476 4363 1676 4418 Alexandrinae
1705 4373 1886 4433 comparatum
1917 4374 1941 4417 el

551 4451 722 4502 illustratam.

620 4534 776 4590 PAULUS
797 4533 1003 4589 AUGUSTUS
1028 4533 1293 4589 BERNHARDUS
1316 4533 1592 4590 lelllERllANN.
1633 4534 1723 4589 Natus
1752 4543 1794 4590 est
1818 4535 1944 4592 Dresdse

549 4622 575 4675 d.
593 4621 637 4676 111
655 4622 758 4674 mensis
776 4620 949 4692 Septembris
967 4637 985 4674 a
1004 4619 1266 4676 MDcccxxxui
1284 4627 1365 4691 patre
1384 4627 1443 4675 lum
1462 4620 1643 4692 vectigalium
1663 4619 1739 4675 illins
1758 4622 1835 4676 urbis
1849 4621 1942 4692 publi·

551 4723 644 4762 eornm
676 4712 811 4762 exactore.
854 4707 1019 4776 Discipulos
1042 4707 1096 4762 fuit
1119 4707 1233 4761 scholae
1256 4723 1330 4776 quae
1354 4712 1397 4762 est
1420 4708 1456 4760 ad
1479 4705 1578 4760 aedem
1603 4705 1631 4762 S.
1655 4708 1770 4775 Annae,
1801 4713 1859 4762 tum
1879 4707 1941 4777 eJ'ua

549 4793 663 4846 scholae
683 4793 810 4862 privatae
829 4795 873 4846 cui
895 4793 1034 4847 Kraneins
1052 4801 1172 4863 praeest.
1203 4793 1272 4848 lude
1292 4793 1421 4846 Misniam
1440 4791 1595 4846 translatus
1613 4793 1754 4864 gymnasii
1773 4794 1873 4849 Afrani
1892 4809 1943 4864 per
2055 4827 2060 4836 ·
