4520 5896
1082 705 1296 768 '‘**'8
1384 733 1501 739 .-..,

590 923 631 968 ex
654 903 766 968 eadem
790 901 897 966 radice
920 908 1088 985 procreata
1110 901 1153 968 ad
1175 921 1267 966 usum
1290 899 1380 966 illum
1403 898 1551 964 latiorem
1567 901 1618 965 vel
1633 901 1820 985 ampliorem
1836 923 1976 986 unquam

590 1025 809 1105 detorquetur.
843 1021 944 1099 Quam
972 1027 1080 1086 autem
1107 1021 1323 1086 Buttmannus
1354 1019 1502 1102 (gramm.
1525 1018 1581 1084 112
1609 1022 1682 1102 117)
1705 1021 1880 1104 postulavit
1906 1043 1976 1090 sen·

589 1143 724 1208 tentiam
746 1141 877 1206 ‘inflicta
899 1142 957 1205 est'
978 1161 1049 1206 eam
1072 1141 1141 1204 siue
1164 1109 1320 1204 machinis
1343 1159 1382 1202 ex
1404 1139 1477 1222 ipsa
1499 1137 1589 1204 verbi
1612 1132 1731 1202 ἅπτειν
1752 1140 1881 1206 notione
1904 1141 1976 1207 elici

589 1283 654 1328 non
677 1279 770 1344 posse
792 1260 860 1341 ipse
885 1258 1121 1342 quodammodo
1144 1258 1252 1323 sensit.

676 1380 755 1444 Tam
779 1398 914 1460 maguae
936 1378 1034 1460 igitur
1057 1376 1265 1444 difficultates
1289 1398 1360 1441 cum
1389 1377 1418 1442 ei
1445 1375 1702 1460 interpretationi
1724 1377 1860 1454 obstent,
1882 1397 1977 1459 quam

590 1499 795 1564 Herodianus
811 1503 940 1562 secutus
956 1503 1013 1572 est,
1037 1496 1353 1580 circumspiciendum
1373 1495 1445 1574 erit,
1469 1516 1545 1560 num
1560 1495 1643 1560 forte
1660 1495 1774 1560 melius
1796 1494 1900 1560 altera
1921 1495 1978 1561 illa

590 1615 789 1694 satisfaciat,
819 1636 903 1698 quae
925 1615 1103 1682 Aristarchi
1126 1636 1241 1681 nomen
1265 1636 1342 1697 prae
1366 1636 1401 1680 se
1421 1614 1494 1692 fert.
1538 1615 1580 1678 Et
1605 1614 1654 1678 eis
1677 1614 1820 1696 quidem,
1844 1615 1899 1699 qui
1921 1635 1979 1680 συ-

591 1733 725 1824 νεάφθρ
748 1755 768 1799 a
789 1734 888 1798 verbo
913 1727 1039 1814 έπομαι
1066 1734 1214 1799 derivant
1241 1734 1404 1816 augmenti
1431 1733 1514 1798 ratio
1541 1730 1621 1798 nihil
1650 1733 1786 1818 praebet
1813 1733 1978 1800 obstaculi.

591 1855 671 1920 Cum
694 1853 776 1919 enim
801 1849 949 1918 ἕπεσθαι
972 1853 1072 1919 latino
1096 1854 1186 1937 sequi
1208 1853 1402 1937 respondeat
1428 1859 1463 1918 et
1484 1851 1525 1918 ab
1548 1853 1639 1918 initio
1662 1858 1695 1917 et
1716 1852 1823 1936 ipsum
1845 1853 1978 1918 sibilan-

590 1979 655 2040 tem
679 1972 839 2050 habuerit,
863 1971 1052 2056 syllabicam
1074 1977 1283 2056 augmentum
1306 1992 1364 2037 suo
1387 1971 1459 2037 loco
1482 1972 1622 2054 positum
1650 1977 1745 2036 esset.
1790 1971 1898 2038 Nihilo
1921 1971 1980 2037 mi·

590 2113 650 2158 nus
673 2091 756 2156 duae
779 2091 875 2156 etiam
903 2089 977 2156 huic
998 2091 1255 2175 interpretationi
1281 2090 1509 2175 impedimento
1537 2111 1607 2156 osse
1635 2089 1791 2156 videntur,
1835 2091 1979 2156 Primum

591 2234 613 2275 α
639 2210 759 2276 vocalis
791 2209 833 2274 ab
861 2231 899 2274 eo
928 2210 1014 2293 qumi
1042 2216 1091 2275 est
1114 2205 1243 2292 ἕπομαι
1268 2208 1382 2276 aliena.
1437 2211 1479 2274 At
1508 2208 1658 2293 Hesychii
1685 2210 1812 2275 lexicon
1844 2207 1981 2292 praebet

591 2325 757 2395 άπεσθαι·
781 2321 1014 2414 ἀκολουθῆσαι
1042 2335 1074 2394 et
1101 2329 1128 2394 si
1158 2329 1232 2402 huic
1257 2329 1395 2412 glossae,
1425 2327 1563 2394 fortasse
1593 2329 1626 2392 in
1655 2323 1832 2416 σονεάφθη
1856 2326 1979 2394 formae

590 2469 683 2512 usum
708 2448 920 2530 excogitatae,
948 2469 1011 2512 non
1034 2468 1150 2531 magna
1172 2447 1251 2513 fides
1275 2446 1425 2514 habenda
1447 2455 1511 2521 est,
1534 2447 1631 2512 etiam
1654 2446 1687 2510 in
1709 2447 1781 2512 aliis
1804 2445 1935 2512 aoristis
1957 2469 1980 2511 α

591 2587 649 2650 pro
673 2589 689 2630 ε
718 2566 857 2649 ponitur.
902 2566 954 2632 Sic
981 2557 1157 2653 έτάρφθρν
1187 2567 1217 2651 (ε
1248 2568 1301 2648 74)
1330 2572 1362 2630 et
1388 2566 1586 2654 τερφθῆναι
1614 2570 1646 2648 (ε
1674 2565 1728 2650 80)
1757 2565 1978 2648 adpraesens

590 2685 752 2769 pertinent
785 2685 870 2767 quod
905 2692 955 2758 est
977 2685 1099 2770 τέρπω,
1128 2683 1215 2749 verbi
1242 2682 1398 2772 στρέφειν
1428 2691 1536 2748 autem
1568 2684 1706 2749 aoristus
1741 2685 1859 2768 passivi
1886 2683 1979 2749 modo

592 2799 784 2888 έστρέφθρν
799 2801 1018 2888 (στρεφθέντε
1039 2803 1069 2866 E
1088 2803 1175 2887 575),
1199 2802 1293 2868 modo
1316 2796 1513 2888 έστράφθρν
1537 2801 1857 2889 (κατεστράφθησαν
1873 2809 1891 2870 1
1908 2803 1982 2888 130)

593 2927 695 2986 sonat.
746 2923 793 2984 Ac
820 2921 986 3004 probabile
1014 2927 1063 2986 est
1090 2923 1185 2986 etiam
1212 2922 1245 2986 in
1273 2921 1338 2986 alia
1366 2921 1504 3004 quadam
1533 2921 1638 2986 forma
1664 2920 1705 2986 ab
1736 2921 1850 2986 eadem
1876 2921 1983 2988 radice

593 3039 734 3104 deducta
755 3040 1000 3106 vetustissimam
1024 3062 1046 3104 α
1068 3039 1209 3106 litteram
1234 3039 1398 3104 mansisse.
1442 3039 1521 3104 Dico
1545 3029 1684 3115 άαπτος.
1730 3039 1823 3117 Quod
1846 3028 1982 3107 vocabu·

593 3158 661 3224 lum
684 3160 853 3242 quominus
875 3158 917 3224 ab
940 3153 1037 3224 ἅπτει
1061 3159 1225 3224 derivetur
1247 3158 1361 3224 eadem
1383 3155 1534 3241 prohibet
1550 3157 1705 3223 vocalium
1729 3158 1861 3238 collisio,
1885 3179 1982 3244 quam

593 3279 625 3342 in
649 3271 767 3364 ἑάφθη
791 3277 920 3344 obstare
942 3277 1088 3344 vidimus.
1132 3279 1182 3344 Ea
1208 3297 1284 3342 vero
1313 3277 1417 3356 notio,
1443 3298 1544 3375 xquam
1568 3278 1765 3359 quaerimu8‚
1798 3299 1864 3362 qua
1895 3269 1983 3344 δαπ-

592 3419 649 3474 τος
672 3398 741 3462 fere
763 3402 875 3464 nostro
900 3399 1092 3471 ,μιοοαλδανεί
1114 3398 1322 3482 respondeat,
1354 3395 1504 3461 facillimo
1528 3414 1567 3459 ex
1594 3395 1692 3461 verbo
1716 3394 1810 3462 έπειν
1836 3397 1983 3465 efficitur.

594 3513 689 3580 έπειν
712 3517 796 3582 enim
819 3537 924 3600 aeque
946 3538 983 3582 ac
1006 3519 1184 3600 composita
1210 3517 1387 3600 μεθέπειν,
1417 3515 1559 3591 διέπειν,
1590 3505 1777 3602 ἀμφέπειν,
1808 3515 1986 3602 περιέπειν

593 3633 663 3700 iere
685 3635 770 3702 valet
793 3636 890 3714 obire,
913 3640 1065 3702 tractare.
1109 3638 1225 3703 Rarius
1248 3635 1406 3701 invenitur
1428 3634 1563 3717 simplex
1586 3633 1717 3700 verbum
1740 3640 1777 3700 ut
1799 3639 1831 3698 Z
1852 3639 1910 3702 321

821 3753 879 3820 τὸν
901 3746 934 3818 δ’
959 3742 1026 3843 εὗρ’
1051 3748 1086 3819 ἓν
1108 3753 1257 3841 θαλάμῳ
1281 3752 1486 3842 περικαλλέα
1510 3744 1610 3833 τεύχε’
1634 3748 1759 3820 έποντα

596 3874 831 3957 quodquidam
854 3873 878 3940 l.
900 3873 1048 3939 Bekkero
1071 3881 1138 3940 tam
1161 3874 1277 3940 mirum
1299 3874 1401 3940 visum
1424 3879 1482 3952 cst,
1506 3879 1542 3938 ut
1565 3873 1670 3938 0555
1694 3881 1882 3959 comparato
1907 3873 1986 3963 περὶ

595 3989 739 4074 κάλλιμα
763 4015 790 4056 τ.
815 3987 840 4056 ἑ.
864 3992 1028 4058 scriberet.
1064 3994 1323 4076 Frequentantur
1346 3991 1484 4070 διέπειν,
1507 3988 1681 4072 μεθέπειν,
1707 3985 1886 4080 άμφέπειν,
1910 3992 1986 4080 spa

597 4135 686 4176 πεινι
710 4117 740 4178 Β
765 4115 824 4177 207
850 4099 896 4187 tle
919 4104 975 4194 ὅγε
997 4110 1179 4199 κοιρανέων
1202 4108 1297 4177 δίεπε
1325 4105 1480 4191 στρατόν,
1510 4115 1538 4173 Y
1558 4117 1617 4176 118
1646 4105 1789 4186 εἰναετές
1816 4109 1879 4199 γάρ
1907 4133 1987 4200 σφιν

596 4229 682 4296 κακά
702 4223 888 4317 (ράπτσμεν
912 4222 1140 4318 άμφιέπονιες
1163 4226 1355 4296 παντοίοισι
1377 4229 1523 4308 δόλοισι,
1551 4233 1581 4296 Θ
1601 4235 1659 4294 126
1680 4221 1698 4291 ὁ
1723 4220 1754 4293 δ’
1780 4224 1911 4314 ἡνίοχον
1931 4229 1986 4313 μέ-

597 4353 685 4414 θεπε
711 4342 852 4433 θρασύν,
880 4352 908 4412 Υ
926 4355 988 4414 494
1010 4346 1151 4425 τοσσοδς
1173 4341 1206 4413 δ’
1230 4340 1435 4437 ἀνθρώπους
1457 4346 1597 4436 ἐφέπειν
1618 4345 1673 4412 καὶ
1698 4349 1784 4416 πᾶσι
1805 4348 1986 4432 μάχεσθαι.

597 4458 728 4543 άσπτος
749 4466 848 4550 igitur
871 4467 898 4532 si
920 4489 979 4551 pro
1002 4459 1128 4544 άεπτος
1143 4467 1193 4534 vel
1208 4488 1246 4534 eo
1269 4467 1356 4551 quod
1371 4468 1585 4553 antiquissimi
1601 4468 1754 4553 temporis
1770 4476 1843 4534 eret
1864 4461 1986 4536 ά-σαπ-

596 4607 672 4662 το-ς
692 4587 838 4670 ponitur,
870 4587 1030 4672 significat
1052 4587 1287 4656 intractabilem
1310 4587 1360 4654 vel
1387 4609 1448 4655 usu
1469 4588 1708 4656 incommodum
1729 4593 1837 4679 χεῖρες
1860 4578 1988 4654 άαπτοι

597 4726 711 4771 manus
734 4705 964 4788 intractabiles,
988 4729 1070 4794 quas
1093 4710 1164 4790 quis
1187 4708 1266 4772 vitat
1288 4708 1395 4791 potius
1418 4687 1516 4793 huam
1539 4709 1674 4793 quaerit.
