4532 5882
1058 552 1087 640 9

288 766 497 872 exemplum
522 783 577 844 est
601 761 761 870 pecu-d,
791 767 892 842 cuius
918 765 1163 868 antiquiorem
1193 787 1289 866 pecu
1313 760 1468 837 formam
1493 759 1692 858 babemus3
1718 780 1861 867 praete·

252 913 255 918 ·
286 917 349 968 rea
375 890 520 970 Sanscr.
546 920 662 994 popu
688 907 725 966 et
751 887 952 966 Gothicum
963 886 1106 991 scilic
1138 892 1222 964 satis
1256 885 1517 981 demonstrant,
1546 887 1620 964 hoc
1644 887 1864 965 vocabulum

287 1019 455 1120 primitus
480 1021 521 1090 in
547 1043 570 1090 u
597 1015 743 1091 desiisse
757 1013 821 1115 ³⁷).
869 1011 871 1016 ’

439 1140 585 1236 Quibus
623 1140 799 1244 exemplis
839 1165 953 1243 quum
990 1155 1169 1214 nostram
1186 1135 1233 1213 dc
1264 1138 1454 1214 vocabulis
1490 1141 1531 1212 in
1568 1165 1613 1215 ur
1650 1141 1865 1242 opinionem

287 1268 548 1370 comprobasse
573 1264 773 1359 videamur,
804 1261 849 1338 ad
876 1262 984 1338 aliam
1009 1268 1201 1340 nominum
1227 1248 1388 1339 classem·¹
1403 1279 1640 1354 censeamus,
1670 1288 1765 1365 quae
1782 1260 1863 1336 tbe·

283 1394 374 1465 mati
400 1385 421 1464 d
444 1391 608 1466 similiter
634 1390 785 1466 affixum
809 1388 934 1464 habet.
988 1387 1148 1464 Nomina
1174 1389 1214 1462 in
1239 1416 1296 1466 ccc
1326 1385 1440 1487 (Gen.
1471 1381 1562 1487 αδος)
1594 1389 1690 1460 enim
1714 1401 1757 1490 ut
1781 1386 1866 1489 plus

283 1541 358 1590 una
389 1519 531 1590 ratione
561 1543 646 1590 cum
678 1513 869 1593 vocabulis
904 1517 943 1588 in
976 1527 1033 1592 ι-ς“
1047 1528 1323 1617 comparantur,
1359 1515 1410 1587 ita
1441 1515 1481 1586 in
1515 1511 1589 1586 hoc
1617 1535 1766 1614 quoque
1791 1508 1865 1583 illis

285 1639 416 1715 similia
442 1666 517 1715 esse
543 1638 727 1716 videntur.
769 1637 900 1741 Itaque
926 1637 974 1714 dc
999 1639 1259 1743 patronymicis
1285 1640 1357 1710 iam
1383 1633 1483 1710 idem
1508 1639 1668 1711 coniecit
1682 1633 1862 1736 Boppius,

285 1763 388 1867 quod
421 1762 469 1840 de
499 1765 591 1858 illis,
628 1789 737 1869 supra
768 1766 947 1856 tractatis,
982 1757 1105 1838 desse
1136 1766 1248 1836 serius
1274 1761 1417 1836 illstum
1431 1759 1495 1860 ³⁸).
1550 1757 1626 1834 Sed·
1656 1757 1765 1832 latius
1794 1755 1866 1831 hoc

284 1889 393 1965 valet.
449 1887 583 1965 Omnia
617 1893 716 1966 enim
745 1887 926 1964 ¹vocabula
957 1889 997 1962 in
1028 1883 1073 1961 αδ
1099 1887 1283 1962 femininis
1317 1884 1579 1962 adiectirorum
1611 1887 1651 1958 in
1678 1891 1729 1959 o-r'
1753 1880 1865 1956 simil·

283 2013 367 2090 lima
395 2031 498 2110 sunt,
529 2011 708 2118 quaedam
733 2012 844 2117 plane
872 2009 1004 2088 eodem
1030 2009 1145 2086 modo
1171 2011 1381 2087 masculinis
1411 2013 1449 2087 in
1477 2041 1528 2090 r·s
1552 2007 1798 2114 respondent:

691 2139 822 2248 ἐρῆμα-ς
858 2137 962 2213 Fem.
997 2129 1094 2247 ἐρήμη
1129 2153 1166 2212 et
1191 2127 1327 2242 ἔρημά-ς

693 2268 824 2339 κοῖλα-ς
913 2307 929 2322 -
1000 2257 1090 2349 κοίλη
1142 2305 1158 2322 -
1199 2252 1389 2360 antid-9³⁹)

690 2377 825 2462 mari-c
917 2427 933 2444 -
998 2375 1102 2471 λευκή
1146 2428 1161 2442 -
1200 2375 1323 2459 λευκάς
1419 2383 1421 2392 ⁴

692 2498 898 2599 nitendo-r
916 2549 932 2568 ·
1196 2496 1392 2598 subaudis

691 2638 807 2726 pipo-r
916 2679 932 2694 -
1162 2619 1165 2628 Δ
1194 2622 1316 2724 turpi-c

690 2750 828 2852 praxi-c
918 2803 933 2817 -
1196 2746 1322 2848 pomis

691 2877 816 2962 alito-c
915 2925 931 2942 ·
1197 2861 1383 2979 ratri-4⁴⁰)

540 2989 663 3109 (rasus)
690 3000 806 3116 pipo-c
916 3051 933 3066 ·
1196 2995 1317 3112 popei-s

519 3131 641 3203 'Fenm
664 3127 790 3228 (rato)
816 3122 928 3202 riuos
955 3143 991 3200 et
1271 3117 1280 3148 '
1664 3181 1668 3190 ,

538 3241 804 3346 mandationes
1183 3231 1457 3337 χαλκεμβολάες
1483 3241 1671 3345 (Euripi

285 3384 354 3458 alia
380 3407 463 3458 cum
489 3358 697 3454 masculinis
722 3379 761 3449 in
786 3403 840 3462 η-ς
866 3368 1090 3449 conferenda
1114 3385 1200 3444 sunt
1224 3367 1326 3444 velut

515 3493 633 3590 risibile
660 3501 775 3599 (11.3,
809 3501 871 3599 13)
900 3514 936 3573 ct
962 3484 1102 3573 detti-c
1129 3492 1265 3597 (Soph.
1295 3489 1392 3568 Oed.
1422 3491 1471 3566 T.
1489 3491 1596 3589 467.)

375 3727 376 3731 Ἰ
513 3617 735 3723 quomado-r
901 3639 938 3698 et
963 3609 1187 3716 perpassum-c
1213 3616 1304 3719 (Οά.
1325 3621 1385 3709 10,
1415 3617 1524 3714 2113.)

287 3754 533 3847 Vocabulum,
564 3750 665 3856 quod
691 3774 761 3825 nos
786 3753 825 3825 in
850 3747 925 3822 hoc
950 3744 1086 3821 ducerc
1109 3759 1246 3848 potest,
1277 3758 1332 3818 est
1357 3727 1517 3816 nomed-c.
1559 3738 1644 3814 Hoc
1669 3741 1769 3814 enim
1792 3739 1868 3814 Eu·

287 3879 425 3987 ripides
450 3882 565 3955 utitur
588 3893 631 3952 ut
655 3873 881 3950 Baccharum
907 3888 954 3947 et.
968 3869 1160 3944 Furiarum
1186 3865 1364 3971 epitheto.
1419 3863 1712 3966 interpretantur
1736 3862 1866 3966 mulgor

290 4007 487 4082 clamantes
511 3992 708 4102 (rrrvrddtr)
737 4014 774 4074 et
799 3981 883 4074 cum
908 3995 1024 4072 verbo
1038 3983 1179 4068 romrdu
1194 3991 1259 4092 ⁴¹),
1287 3989 1349 4066 vel
1366 3979 1543 4081 ποτνιάζω,
1573 3999 1668 4090 quae
1690 3984 1871 4062 clamandi

290 4135 481 4208 notionem
506 4128 664 4220 habent,
701 4125 939 4225 coniungunt.
994 4109 1096 4194 Haec
1128 4133 1249 4193 autem
1284 4111 1498 4216 significatio
1531 4115 1572 4186 in
1596 4097 1757 4185 Baccbas
1788 4114 1868 4213 qni-

269 4367 274 4380 '
345 4377 389 4461 37)
429 4381 515 4462 Bopp
535 4378 637 4463 Vergl.
660 4375 715 4436 Gr.
736 4373 869 4458 p.148.;
888 4373 925 4434 rs.
947 4371 1101 4448 re-d-itns,
1122 4369 1260 4432 se-d-itio
1282 4379 1340 4429 etc.

346 4477 389 4566 ³⁸)
429 4479 470 4541 ib.
511 4474 791 4558 „Wahrscbeinlicb
818 4476 856 4538 ist
876 4471 948 4534 auch
969 4472 1018 4533 das
1040 4467 1058 4531 δ
1078 4471 1109 4531 in
1129 4459 1306 4546 weiblicbcn
1327 4465 1523 4546 Patronymen
1543 4461 1597 4522 ani
1612 4457 1721 4522 cdeiu
1740 4463 1871 4542 sp'a'terer

448 4583 468 4615 ιι
1677 4610 1681 4618 .

291 4582 536 4766 Nacslllngllorum
556 4682 581 4741 si
602 4679 740 4762 quaedam
762 4676 935 4740 substantive
955 4683 1144 4754 usurpantur,
1170 4683 1219 4732 aut
1247 4667 1440 4752 supplendum
1459 4675 1504 4727 est
1522 4661 1632 4743 aliquid
1651 4661 1786 4724 velutad
1806 4672 1871 4722 λευ-

291 4781 346 4854 noio
365 4778 459 4872 πέτρη,
480 4781 587 4842 aut-ita
607 4783 637 4841 in
658 4781 900 4844 substantivbrnm
921 4775 1055 4838 ordinem
1075 4772 1267 4849 transierunt,
1287 4783 1320 4831 ut
1339 4768 1356 4842 ἦ
1376 4759 1467 4854 ’θέρμη
1490 4786 1506 4825 a
1525 4755 1665 4850 &spui-r,
1693 4763 1730 4825 de
1751 4785 1810 4845 qno
1831 4763 1869 4844 es.
1911 4777 1917 4797 ⁸

295 4909 366 4971 quae
387 4887 462 4950 infra
483 4883 663 4944 discimus.
1236 4875 1238 4880 '

349 4985 391 5071 ω)
432 4986 508 5050 sicul
527 4973 658 5057 ddum-s
677 4975 818 5056 Arruntii-s
839 4981 876 5044 cf.
896 4977 1065 5054 ButthL,
1085 4997 1115 5057 p·
1125 4974 1197 5036 331.

349 5087 390 5176 f¹)
430 5085 573 5153 vocabulo
595 5081 718 5163 seriore,
739 5084 819 5166 qnod
839 5101 900 5145 non
920 5075 1194 5143 mannanhun
1214 5071 1369 5144 insertur,
1451 5097 1453 5104 ·

1540 5175 1565 5245 2
