<?xml version="1.0" encoding="UTF-8"?>
<!DOCTYPE html PUBLIC "-//W3C//DTD XHTML 1.0 Transitional//EN"
    "http://www.w3.org/TR/xhtml1/DTD/xhtml1-transitional.dtd">
<html xmlns="http://www.w3.org/1999/xhtml" xml:lang="en" lang="en">
 <head>
  <title>
</title>
<meta http-equiv="Content-Type" content="text/html;charset=utf-8" />
  <meta name='ocr-system' content='tesseract 3.04.00' />
  <meta name='ocr-capabilities' content='ocr_page ocr_carea ocr_par ocr_line ocrx_word'/>
</head>
<body>
  <div class='ocr_page' id='page_1' title='image "./denominumgraeco00curtgoog_0187.png"; bbox 0 0 4520 5896; ppageno 0'>
   <div class='ocr_carea' id='block_1_1' title="bbox 1153 263 1192 316">
    <p class='ocr_par' dir='ltr' id='par_1_1' title="bbox 1153 263 1192 316">
     <span class='ocr_line' id='line_1_1' title="bbox 1153 263 1192 316; baseline 0 0"><span class='ocrx_word' id='word_1_1' title='bbox 1153 263 1192 316; x_wconf 79' lang='lat' dir='ltr'>Vl</span> 
     </span>
    </p>
   </div>
   <div class='ocr_carea' id='block_1_2' title="bbox 1027 347 1342 358">
    <p class='ocr_par' dir='ltr' id='par_1_2' title="bbox 1027 347 1342 358">
     <span class='ocr_line' id='line_1_2' title="bbox 1027 347 1342 358; baseline -0.006 -1"><span class='ocrx_word' id='word_1_2' title='bbox 1027 351 1039 357; x_wconf 85' lang='lat'><em>-</em></span> <span class='ocrx_word' id='word_1_3' title='bbox 1044 349 1226 358; x_wconf 54' lang='lat' dir='ltr'>—u—m-m-</span> <span class='ocrx_word' id='word_1_4' title='bbox 1233 347 1342 356; x_wconf 68' lang='grc' dir='ltr'>...ιιι-.-</span> 
     </span>
    </p>
   </div>
   <div class='ocr_carea' id='block_1_3' title="bbox 215 468 2114 568">
    <p class='ocr_par' dir='ltr' id='par_1_3' title="bbox 215 468 2114 568">
     <span class='ocr_line' id='line_1_3' title="bbox 215 468 2114 568; baseline -0.003 -20"><span class='ocrx_word' id='word_1_5' title='bbox 215 473 530 564; x_wconf 69' lang='lat' dir='ltr'>moab-satan,</span> <span class='ocrx_word' id='word_1_6' title='bbox 557 473 674 545; x_wconf 85' lang='lat' dir='ltr'>verba</span> <span class='ocrx_word' id='word_1_7' title='bbox 713 493 870 567; x_wconf 87' lang='lat' dir='ltr'>quorum</span> <span class='ocrx_word' id='word_1_8' title='bbox 898 468 990 542; x_wconf 90' lang='lat' dir='ltr'>illud</span> <span class='ocrx_word' id='word_1_9' title='bbox 1017 469 1117 542; x_wconf 89' lang='lat' dir='ltr'>idem</span> <span class='ocrx_word' id='word_1_10' title='bbox 1145 469 1330 566; x_wconf 86' lang='lat' dir='ltr'>significat</span> <span class='ocrx_word' id='word_1_11' title='bbox 1357 469 1457 566; x_wconf 92' lang='lat' dir='ltr'>quod</span> <span class='ocrx_word' id='word_1_12' title='bbox 1484 491 1660 567; x_wconf 83' lang='lat' dir='ltr'>graecum</span> <span class='ocrx_word' id='word_1_13' title='bbox 1687 471 1824 568; x_wconf 72' lang='grc' dir='ltr'>μοιόοπ,</span> <span class='ocrx_word' id='word_1_14' title='bbox 1853 470 1932 542; x_wconf 85' lang='lat' dir='ltr'>sive</span> <span class='ocrx_word' id='word_1_15' title='bbox 1960 469 1998 542; x_wconf 94' lang='lat' dir='ltr'>id</span> <span class='ocrx_word' id='word_1_16' title='bbox 2017 469 2114 566; x_wconf 89' lang='lat' dir='ltr'>quod</span> 
     </span>
    </p>
   </div>
   <div class='ocr_carea' id='block_1_4' title="bbox 30 612 2113 714">
    <p class='ocr_par' dir='ltr' id='par_1_4' title="bbox 30 612 2113 714">
     <span class='ocr_line' id='line_1_4' title="bbox 30 612 2113 714; baseline -0.002 -21"><span class='ocrx_word' id='word_1_17' title='bbox 30 640 51 658; x_wconf 76' lang='lat'>¹·</span> <span class='ocrx_word' id='word_1_18' title='bbox 79 642 98 666; x_wconf 62' lang='lat'>“-</span> <span class='ocrx_word' id='word_1_19' title='bbox 218 645 290 692; x_wconf 91' lang='lat' dir='ltr'>nos</span> <span class='ocrx_word' id='word_1_20' title='bbox 318 619 476 692; x_wconf 83' lang='lat' dir='ltr'><strong>dicimus</strong></span> <span class='ocrx_word' id='word_1_21' title='bbox 503 616 677 706; x_wconf 74' lang='lat' dir='ltr'>booten,</span> <span class='ocrx_word' id='word_1_22' title='bbox 707 617 778 690; x_wconf 91' lang='lat' dir='ltr'>hoc</span> <span class='ocrx_word' id='word_1_23' title='bbox 793 616 913 712; x_wconf 83' lang='lat' dir='ltr'>magis</span> <span class='ocrx_word' id='word_1_24' title='bbox 931 615 1144 714; x_wconf 81' lang='lat' dir='ltr'>generalem</span> <span class='ocrx_word' id='word_1_25' title='bbox 1168 614 1361 687; x_wconf 86' lang='lat' dir='ltr'>molliendi</span> <span class='ocrx_word' id='word_1_26' title='bbox 1382 615 1577 688; x_wconf 87' lang='lat' dir='ltr'>notionem</span> <span class='ocrx_word' id='word_1_27' title='bbox 1603 615 1727 688; x_wconf 87' lang='lat' dir='ltr'>habet.</span> <span class='ocrx_word' id='word_1_28' title='bbox 1769 612 2023 702; x_wconf 84' lang='lat' dir='ltr'>Quamobrem</span> <span class='ocrx_word' id='word_1_29' title='bbox 2038 639 2113 688; x_wconf 88' lang='lat' dir='ltr'>non</span> 
     </span>
    </p>
   </div>
   <div class='ocr_carea' id='block_1_5' title="bbox 180 757 2114 860">
    <p class='ocr_par' dir='ltr' id='par_1_5' title="bbox 180 757 2114 860">
     <span class='ocr_line' id='line_1_5' title="bbox 180 757 2114 860; baseline -0.003 -23"><span class='ocrx_word' id='word_1_30' title='bbox 180 771 187 786; x_wconf 89' lang='lat'>&#39;</span> <span class='ocrx_word' id='word_1_31' title='bbox 219 763 362 853; x_wconf 89' lang='lat' dir='ltr'>dubito,</span> <span class='ocrx_word' id='word_1_32' title='bbox 390 763 478 860; x_wconf 89' lang='lat' dir='ltr'>quin</span> <span class='ocrx_word' id='word_1_33' title='bbox 514 763 773 859; x_wconf 88' lang='lat' dir='ltr'>antiquissimo</span> <span class='ocrx_word' id='word_1_34' title='bbox 806 775 974 856; x_wconf 88' lang='lat' dir='ltr'>tempore</span> <span class='ocrx_word' id='word_1_35' title='bbox 1003 760 1081 856; x_wconf 82' lang='lat' dir='ltr'>jam</span> <span class='ocrx_word' id='word_1_36' title='bbox 1116 759 1301 831; x_wconf 86' lang='lat' dir='ltr'>exstiterit</span> <span class='ocrx_word' id='word_1_37' title='bbox 1333 757 1441 831; x_wconf 80' lang='lat' dir='ltr'>radix</span> <span class='ocrx_word' id='word_1_38' title='bbox 1468 757 1582 850; x_wconf 79' lang='lat' dir='ltr'>mat,</span> <span class='ocrx_word' id='word_1_39' title='bbox 1610 759 1648 832; x_wconf 92' lang='lat' dir='ltr'>in</span> <span class='ocrx_word' id='word_1_40' title='bbox 1671 781 1785 856; x_wconf 85' lang='lat' dir='ltr'>opere</span> <span class='ocrx_word' id='word_1_41' title='bbox 1799 757 1955 854; x_wconf 87' lang='lat' dir='ltr'>pistorio</span> <span class='ocrx_word' id='word_1_42' title='bbox 1980 759 2114 831; x_wconf 84' lang='lat' dir='ltr'>usitata</span> 
     </span>
    </p>
   </div>
   <div class='ocr_carea' id='block_1_6' title="bbox 30 899 2114 1006">
    <p class='ocr_par' dir='ltr' id='par_1_6' title="bbox 30 899 2114 1006">
     <span class='ocr_line' id='line_1_6' title="bbox 30 899 2114 1006; baseline 0.006 -36"><span class='ocrx_word' id='word_1_43' title='bbox 30 899 53 970; x_wconf 54' lang='lat' dir='ltr'>&#39;a</span> <span class='ocrx_word' id='word_1_44' title='bbox 216 933 286 982; x_wconf 76' lang='lat' dir='ltr'>nee</span> <span class='ocrx_word' id='word_1_45' title='bbox 315 910 402 1006; x_wconf 80' lang='lat' dir='ltr'>quin</span> <span class='ocrx_word' id='word_1_46' title='bbox 430 905 659 982; x_wconf 79' lang='lat' dir='ltr'>Graecorum</span> <span class='ocrx_word' id='word_1_47' title='bbox 686 908 820 1004; x_wconf 73' lang='lat' dir='ltr'>poturo</span> <span class='ocrx_word' id='word_1_48' title='bbox 849 904 1016 1002; x_wconf 86' lang='lat' dir='ltr'>ejusdem</span> <span class='ocrx_word' id='word_1_49' title='bbox 1050 905 1210 1002; x_wconf 82' lang='lat' dir='ltr'>originis</span> <span class='ocrx_word' id='word_1_50' title='bbox 1253 905 1310 977; x_wconf 91' lang='lat' dir='ltr'>sit.</span> <span class='ocrx_word' id='word_1_51' title='bbox 1362 901 1579 978; x_wconf 84' lang='lat' dir='ltr'>Transimus</span> <span class='ocrx_word' id='word_1_52' title='bbox 1613 905 1661 978; x_wconf 90' lang='lat' dir='ltr'>ad</span> <span class='ocrx_word' id='word_1_53' title='bbox 1694 909 1883 993; x_wconf 79' lang='grc' dir='ltr'>πλὴοοω.</span> <span class='ocrx_word' id='word_1_54' title='bbox 1929 906 2114 1006; x_wconf 76' lang='grc' dir='ltr'>πέπληγον,</span> 
     </span>
    </p>
   </div>
   <div class='ocr_carea' id='block_1_7' title="bbox 214 1049 2115 2464">
    <p class='ocr_par' dir='ltr' id='par_1_7' title="bbox 214 1049 2115 2464">
     <span class='ocr_line' id='line_1_7' title="bbox 214 1049 2114 1164; baseline 0.004 -34"><span class='ocrx_word' id='word_1_55' title='bbox 214 1056 378 1154; x_wconf 75' lang='grc' dir='ltr'>ἐπλήγην,</span> <span class='ocrx_word' id='word_1_56' title='bbox 392 1055 522 1156; x_wconf 62' lang='grc' dir='ltr'>πληγή,</span> <span class='ocrx_word' id='word_1_57' title='bbox 545 1054 728 1125; x_wconf 83' lang='lat' dir='ltr'>aeolicum</span> <span class='ocrx_word' id='word_1_58' title='bbox 754 1052 893 1152; x_wconf 78' lang='grc' dir='ltr'>πλοίζω,</span> <span class='ocrx_word' id='word_1_59' title='bbox 921 1049 1156 1147; x_wconf 85' lang='lat' dir='ltr'>percutiendi</span> <span class='ocrx_word' id='word_1_60' title='bbox 1170 1050 1339 1141; x_wconf 89' lang='lat' dir='ltr'>verbum,</span> <span class='ocrx_word' id='word_1_61' title='bbox 1369 1061 1406 1122; x_wconf 88' lang='lat' dir='ltr'>et</span> <span class='ocrx_word' id='word_1_62' title='bbox 1433 1050 1591 1122; x_wconf 89' lang='lat' dir='ltr'>alterum</span> <span class='ocrx_word' id='word_1_63' title='bbox 1619 1051 1711 1125; x_wconf 90' lang='lat' dir='ltr'>illud</span> <span class='ocrx_word' id='word_1_64' title='bbox 1732 1055 1857 1158; x_wconf 76' lang='grc' dir='ltr'>πλοίζω</span> <span class='ocrx_word' id='word_1_65' title='bbox 1889 1060 2114 1164; x_wconf 71' lang='grc' dir='ltr'>ἐπλοίγχθγο,</span> 
     </span>
     <span class='ocr_line' id='line_1_8' title="bbox 216 1193 2115 1301; baseline 0.003 -27"><span class='ocrx_word' id='word_1_66' title='bbox 216 1201 493 1301; x_wconf 65' lang='grc' dir='ltr'>ἀπεπλάγχθην,</span> <span class='ocrx_word' id='word_1_67' title='bbox 517 1198 563 1272; x_wconf 84' lang='lat' dir='ltr'>de</span> <span class='ocrx_word' id='word_1_68' title='bbox 588 1199 715 1296; x_wconf 86' lang='lat' dir='ltr'>quoin</span> <span class='ocrx_word' id='word_1_69' title='bbox 738 1195 927 1294; x_wconf 89' lang='lat' dir='ltr'>Philologi</span> <span class='ocrx_word' id='word_1_70' title='bbox 941 1193 1026 1268; x_wconf 91' lang='lat' dir='ltr'>Vol.</span> <span class='ocrx_word' id='word_1_71' title='bbox 1041 1195 1105 1286; x_wconf 86' lang='grc' dir='ltr'><strong>ΙΙΙ,</strong></span> <span class='ocrx_word' id='word_1_72' title='bbox 1133 1219 1167 1292; x_wconf 95' lang='lat' dir='ltr'>p.</span> <span class='ocrx_word' id='word_1_73' title='bbox 1184 1197 1204 1266; x_wconf 77' lang='grc'>2</span> <span class='ocrx_word' id='word_1_74' title='bbox 1225 1195 1294 1292; x_wconf 88' lang='lat' dir='ltr'>egi,</span> <span class='ocrx_word' id='word_1_75' title='bbox 1309 1193 1640 1292; x_wconf 80' lang='lat' dir='ltr'>Romanorumque</span> <span class='ocrx_word' id='word_1_76' title='bbox 1650 1197 1788 1298; x_wconf 77' lang='lat' dir='ltr'>plunpo</span> <span class='ocrx_word' id='word_1_77' title='bbox 1811 1205 2115 1280; x_wconf 86' lang='lat' dir='ltr'>manifestissima</span> 
     </span>
     <span class='ocr_line' id='line_1_9' title="bbox 216 1338 2113 1446; baseline 0.004 -28"><span class='ocrx_word' id='word_1_78' title='bbox 216 1347 415 1446; x_wconf 71' lang='lat' dir='ltr'>«plitterae</span> <span class='ocrx_word' id='word_1_79' title='bbox 443 1343 601 1442; x_wconf 83' lang='lat' dir='ltr'>vestigia</span> <span class='ocrx_word' id='word_1_80' title='bbox 628 1343 812 1439; x_wconf 79' lang='lat' dir='ltr'><strong>praebent</strong></span> <span class='ocrx_word' id='word_1_81' title='bbox 837 1343 899 1440; x_wconf 84' lang='lat' dir='ltr'>(ci.</span> <span class='ocrx_word' id='word_1_82' title='bbox 927 1342 1019 1420; x_wconf 92' lang='lat' dir='ltr'>Lob.</span> <span class='ocrx_word' id='word_1_83' title='bbox 1053 1341 1225 1438; x_wconf 83' lang='lat' dir='ltr'>Proleg&#39;g.</span> <span class='ocrx_word' id='word_1_84' title='bbox 1245 1365 1279 1438; x_wconf 90' lang='lat' dir='ltr'>p.</span> <span class='ocrx_word' id='word_1_85' title='bbox 1304 1341 1404 1437; x_wconf 79' lang='lat'><strong>237).</strong></span> <span class='ocrx_word' id='word_1_86' title='bbox 1445 1338 1520 1412; x_wconf 89' lang='lat' dir='ltr'>Sed</span> <span class='ocrx_word' id='word_1_87' title='bbox 1545 1373 1568 1416; x_wconf 84' lang='grc' dir='ltr'>οι</span> <span class='ocrx_word' id='word_1_88' title='bbox 1595 1345 1823 1441; x_wconf 85' lang='lat' dir='ltr'>conspicitur</span> <span class='ocrx_word' id='word_1_89' title='bbox 1863 1349 1901 1421; x_wconf 93' lang='lat' dir='ltr'>in</span> <span class='ocrx_word' id='word_1_90' title='bbox 1929 1353 2113 1426; x_wconf 87' lang='lat' dir='ltr'>vocabulo</span> 
     </span>
     <span class='ocr_line' id='line_1_10' title="bbox 217 1467 2113 1594; baseline 0.005 -33"><span class='ocrx_word' id='word_1_91' title='bbox 217 1491 469 1592; x_wconf 69' lang='grc' dir='ltr'>πλοίξπλακός</span> <span class='ocrx_word' id='word_1_92' title='bbox 497 1490 598 1562; x_wconf 86' lang='lat' dir='ltr'>etin</span> <span class='ocrx_word' id='word_1_93' title='bbox 633 1489 677 1561; x_wconf 90' lang='lat' dir='ltr'>iis</span> <span class='ocrx_word' id='word_1_94' title='bbox 713 1513 806 1584; x_wconf 89' lang='lat' dir='ltr'>quac</span> <span class='ocrx_word' id='word_1_95' title='bbox 840 1487 927 1561; x_wconf 90' lang='lat' dir='ltr'>inde</span> <span class='ocrx_word' id='word_1_96' title='bbox 962 1501 1051 1560; x_wconf 87' lang='lat' dir='ltr'>nata</span> <span class='ocrx_word' id='word_1_97' title='bbox 1086 1498 1172 1560; x_wconf 89' lang='lat' dir='ltr'>sunt</span> <span class='ocrx_word' id='word_1_98' title='bbox 1197 1487 1379 1594; x_wconf 76' lang='grc' dir='ltr'>πλοοιερός,</span> <span class='ocrx_word' id='word_1_99' title='bbox 1405 1467 1583 1592; x_wconf 67' lang='lat' dir='ltr'>abutatur,</span> <span class='ocrx_word' id='word_1_100' title='bbox 1609 1491 1768 1587; x_wconf 76' lang='grc' dir='ltr'>πλοκόω,</span> <span class='ocrx_word' id='word_1_101' title='bbox 1794 1499 1958 1581; x_wconf 72' lang='grc' dir='ltr'>πλακοῦς.</span> <span class='ocrx_word' id='word_1_102' title='bbox 2010 1495 2113 1570; x_wconf 86' lang='lat' dir='ltr'>Haec</span> 
     </span>
     <span class='ocr_line' id='line_1_11' title="bbox 219 1634 2111 1733; baseline 0.004 -24"><span class='ocrx_word' id='word_1_103' title='bbox 219 1637 348 1710; x_wconf 90' lang='lat' dir='ltr'>omnia</span> <span class='ocrx_word' id='word_1_104' title='bbox 375 1661 419 1708; x_wconf 88' lang='lat' dir='ltr'>ea</span> <span class='ocrx_word' id='word_1_105' title='bbox 446 1634 658 1733; x_wconf 86' lang='lat' dir='ltr'>significant</span> <span class='ocrx_word' id='word_1_106' title='bbox 685 1659 781 1730; x_wconf 89' lang='lat' dir='ltr'>quae</span> <span class='ocrx_word' id='word_1_107' title='bbox 808 1634 921 1730; x_wconf 86' lang='lat' dir='ltr'>plana</span> <span class='ocrx_word' id='word_1_108' title='bbox 947 1645 1034 1705; x_wconf 89' lang='lat' dir='ltr'>sunt</span> <span class='ocrx_word' id='word_1_109' title='bbox 1067 1657 1224 1729; x_wconf 87' lang='lat' dir='ltr'>eamque</span> <span class='ocrx_word' id='word_1_110' title='bbox 1260 1634 1308 1705; x_wconf 94' lang='lat' dir='ltr'>ob</span> <span class='ocrx_word' id='word_1_111' title='bbox 1338 1657 1487 1706; x_wconf 86' lang='lat' dir='ltr'>causam</span> <span class='ocrx_word' id='word_1_112' title='bbox 1515 1635 1686 1731; x_wconf 81' lang='lat' dir='ltr'>proxime</span> <span class='ocrx_word' id='word_1_113' title='bbox 1714 1638 1851 1713; x_wconf 88' lang='lat' dir='ltr'>absunt</span> <span class='ocrx_word' id='word_1_114' title='bbox 1878 1667 1899 1712; x_wconf 88' lang='lat' dir='ltr'>a</span> <span class='ocrx_word' id='word_1_115' title='bbox 1926 1639 2111 1716; x_wconf 82' lang='lat' dir='ltr'>Romano·</span> 
     </span>
     <span class='ocr_line' id='line_1_12' title="bbox 223 1755 2112 1884; baseline 0.004 -32"><span class='ocrx_word' id='word_1_116' title='bbox 223 1755 304 1853; x_wconf 89' lang='lat' dir='ltr'>rum</span> <span class='ocrx_word' id='word_1_117' title='bbox 329 1779 467 1875; x_wconf 81' lang='lat' dir='ltr'>planca</span> <span class='ocrx_word' id='word_1_118' title='bbox 494 1778 639 1875; x_wconf 87' lang='lat' dir='ltr'>(tabula</span> <span class='ocrx_word' id='word_1_119' title='bbox 664 1778 804 1874; x_wconf 86' lang='lat' dir='ltr'>plana),</span> <span class='ocrx_word' id='word_1_120' title='bbox 830 1777 985 1874; x_wconf 72' lang='lat' dir='ltr'>plancus</span> <span class='ocrx_word' id='word_1_121' title='bbox 1013 1779 1244 1875; x_wconf 79' lang='grc' dir='ltr'>(πλοιτύπους)</span> <span class='ocrx_word' id='word_1_122' title='bbox 1273 1791 1320 1868; x_wconf 86' lang='lat' dir='ltr'>et,</span> <span class='ocrx_word' id='word_1_123' title='bbox 1360 1780 1399 1850; x_wconf 94' lang='lat' dir='ltr'>in</span> <span class='ocrx_word' id='word_1_124' title='bbox 1427 1803 1500 1874; x_wconf 92' lang='lat' dir='ltr'>quo</span> <span class='ocrx_word' id='word_1_125' title='bbox 1527 1779 1714 1853; x_wconf 60' lang='lat' dir='ltr'>«Iacobum</span> <span class='ocrx_word' id='word_1_126' title='bbox 1743 1780 1965 1858; x_wconf 83' lang='lat' dir='ltr'>Grimmium</span> <span class='ocrx_word' id='word_1_127' title='bbox 1994 1790 2112 1884; x_wconf 90' lang='lat' dir='ltr'>sequi·</span> 
     </span>
     <span class='ocr_line' id='line_1_13' title="bbox 219 1921 2112 2020; baseline 0.004 -23"><span class='ocrx_word' id='word_1_128' title='bbox 219 1949 315 2015; x_wconf 82' lang='lat' dir='ltr'>mur,</span> <span class='ocrx_word' id='word_1_129' title='bbox 356 1924 402 1995; x_wconf 92' lang='lat' dir='ltr'>ab</span> <span class='ocrx_word' id='word_1_130' title='bbox 443 1922 629 2020; x_wconf 80' lang='lat' dir='ltr'>adjectivo</span> <span class='ocrx_word' id='word_1_131' title='bbox 668 1921 863 2018; x_wconf 63' lang='lat' dir='ltr'>ptri-auo</span> <span class='ocrx_word' id='word_1_132' title='bbox 903 1947 951 1996; x_wconf 85' lang='lat' dir='ltr'>ex</span> <span class='ocrx_word' id='word_1_133' title='bbox 984 1921 1195 2020; x_wconf 61' lang='lat' dir='ltr'>plac-auu</span> <span class='ocrx_word' id='word_1_134' title='bbox 1240 1933 1395 1994; x_wconf 89' lang='lat' dir='ltr'>mutato.</span> <span class='ocrx_word' id='word_1_135' title='bbox 1461 1921 1565 1995; x_wconf 89' lang='lat' dir='ltr'>Idem</span> <span class='ocrx_word' id='word_1_136' title='bbox 1600 1925 1637 1997; x_wconf 90' lang='lat' dir='ltr'>in</span> <span class='ocrx_word' id='word_1_137' title='bbox 1673 1929 1859 2016; x_wconf 84' lang='lat' dir='ltr'>sermonis</span> <span class='ocrx_word' id='word_1_138' title='bbox 1898 1927 2112 2004; x_wconf 87' lang='lat' dir='ltr'>Germanici</span> 
     </span>
     <span class='ocr_line' id='line_1_14' title="bbox 224 2065 2114 2177; baseline 0.004 -34"><span class='ocrx_word' id='word_1_139' title='bbox 224 2069 381 2144; x_wconf 79' lang='lat' dir='ltr'>historia</span> <span class='ocrx_word' id='word_1_140' title='bbox 405 2067 452 2165; x_wconf 80' lang='grc' dir='ltr'>(Ι.</span> <span class='ocrx_word' id='word_1_141' title='bbox 467 2071 555 2162; x_wconf 83' lang='grc'><strong>347)</strong></span> <span class='ocrx_word' id='word_1_142' title='bbox 571 2078 742 2139; x_wconf 88' lang='lat' dir='ltr'>veterum</span> <span class='ocrx_word' id='word_1_143' title='bbox 756 2065 1031 2140; x_wconf 84' lang='lat' dir='ltr'>Germanorum</span> <span class='ocrx_word' id='word_1_144' title='bbox 1064 2067 1160 2140; x_wconf 77' lang='lat' dir='ltr'>slah</span> <span class='ocrx_word' id='word_1_145' title='bbox 1176 2078 1371 2164; x_wconf 87' lang='lat' dir='ltr'>comparat</span> <span class='ocrx_word' id='word_1_146' title='bbox 1402 2077 1441 2140; x_wconf 89' lang='lat' dir='ltr'>et</span> <span class='ocrx_word' id='word_1_147' title='bbox 1466 2067 1711 2177; x_wconf 85' lang='lat' dir='ltr'>Lituanorum</span> <span class='ocrx_word' id='word_1_148' title='bbox 1727 2071 1922 2167; x_wconf 79' lang='lat' dir='ltr'>pluartnlra</span> <span class='ocrx_word' id='word_1_149' title='bbox 1948 2077 2114 2172; x_wconf 84' lang='lat' dir='ltr'>palmam</span> 
     </span>
     <span class='ocr_line' id='line_1_15' title="bbox 217 2211 2112 2316; baseline 0.004 -29"><span class='ocrx_word' id='word_1_150' title='bbox 217 2239 353 2288; x_wconf 87' lang='lat' dir='ltr'>manus</span> <span class='ocrx_word' id='word_1_151' title='bbox 381 2211 606 2310; x_wconf 83' lang='lat' dir='ltr'>significans,</span> <span class='ocrx_word' id='word_1_152' title='bbox 636 2237 794 2308; x_wconf 92' lang='lat' dir='ltr'>quorum</span> <span class='ocrx_word' id='word_1_153' title='bbox 821 2225 1021 2310; x_wconf 87' lang='lat' dir='ltr'>utrumque</span> <span class='ocrx_word' id='word_1_154' title='bbox 1047 2213 1189 2286; x_wconf 83' lang='lat' dir='ltr'>indicat</span> <span class='ocrx_word' id='word_1_155' title='bbox 1216 2213 1507 2286; x_wconf 81' lang='lat' dir='ltr'>vetustissimam</span> <span class='ocrx_word' id='word_1_156' title='bbox 1536 2215 1701 2311; x_wconf 79' lang='lat' dir='ltr'>aliquam</span> <span class='ocrx_word' id='word_1_157' title='bbox 1722 2216 1889 2292; x_wconf 85' lang='lat' dir='ltr'>radicem</span> <span class='ocrx_word' id='word_1_158' title='bbox 1909 2219 1961 2316; x_wconf 87' lang='lat' dir='ltr'>pl</span> <span class='ocrx_word' id='word_1_159' title='bbox 1970 2221 2024 2292; x_wconf 84' lang='lat' dir='ltr'>alc</span> <span class='ocrx_word' id='word_1_160' title='bbox 2052 2245 2112 2295; x_wconf 85' lang='lat' dir='ltr'>ex·</span> 
     </span>
     <span class='ocr_line' id='line_1_16' title="bbox 218 2355 2113 2464; baseline 0.005 -33"><span class='ocrx_word' id='word_1_161' title='bbox 218 2359 366 2432; x_wconf 81' lang='lat' dir='ltr'>stitisse.</span> <span class='ocrx_word' id='word_1_162' title='bbox 417 2356 478 2430; x_wconf 85' lang='lat' dir='ltr'>Ab</span> <span class='ocrx_word' id='word_1_163' title='bbox 507 2381 552 2429; x_wconf 85' lang='lat' dir='ltr'>ea</span> <span class='ocrx_word' id='word_1_164' title='bbox 577 2355 724 2430; x_wconf 89' lang='lat' dir='ltr'>Lituani</span> <span class='ocrx_word' id='word_1_165' title='bbox 751 2357 969 2432; x_wconf 86' lang='lat' dir='ltr'>derivarunt</span> <span class='ocrx_word' id='word_1_166' title='bbox 995 2358 1220 2455; x_wconf 79' lang='lat' dir='ltr'>adjectivum</span> <span class='ocrx_word' id='word_1_167' title='bbox 1247 2381 1401 2456; x_wconf 91' lang='lat' dir='ltr'>prorsus</span> <span class='ocrx_word' id='word_1_168' title='bbox 1442 2358 1609 2456; x_wconf 89' lang='lat' dir='ltr'>ejusdem</span> <span class='ocrx_word' id='word_1_169' title='bbox 1637 2385 1749 2457; x_wconf 88' lang='lat' dir='ltr'>quam</span> <span class='ocrx_word' id='word_1_170' title='bbox 1796 2363 1952 2437; x_wconf 89' lang='lat' dir='ltr'>latinum</span> <span class='ocrx_word' id='word_1_171' title='bbox 1979 2367 2113 2464; x_wconf 86' lang='lat' dir='ltr'>planus</span> 
     </span>
    </p>
   </div>
   <div class='ocr_carea' id='block_1_8' title="bbox 218 2495 2113 2606">
    <p class='ocr_par' dir='ltr' id='par_1_8' title="bbox 218 2495 2113 2606">
     <span class='ocr_line' id='line_1_17' title="bbox 218 2495 2113 2606; baseline 0.004 -30"><span class='ocrx_word' id='word_1_172' title='bbox 218 2505 333 2576; x_wconf 88' lang='lat' dir='ltr'>babet</span> <span class='ocrx_word' id='word_1_173' title='bbox 347 2501 576 2600; x_wconf 87' lang='lat' dir='ltr'>significatus</span> <span class='ocrx_word' id='word_1_174' title='bbox 587 2499 841 2597; x_wconf 69' lang='lat' dir='ltr'>plateatrio,</span> <span class='ocrx_word' id='word_1_175' title='bbox 870 2504 973 2600; x_wconf 88' lang='lat' dir='ltr'>cujus</span> <span class='ocrx_word' id='word_1_176' title='bbox 994 2504 1164 2576; x_wconf 85' lang='lat' dir='ltr'>vocalem</span> <span class='ocrx_word' id='word_1_177' title='bbox 1180 2516 1217 2576; x_wconf 88' lang='lat' dir='ltr'>et</span> <span class='ocrx_word' id='word_1_178' title='bbox 1239 2505 1387 2577; x_wconf 90' lang='lat' dir='ltr'>sibilum</span> <span class='ocrx_word' id='word_1_179' title='bbox 1407 2495 1667 2580; x_wconf 87' lang='lat' dir='ltr'>Schleicherus</span> <span class='ocrx_word' id='word_1_180' title='bbox 1683 2508 1719 2579; x_wconf 92' lang='lat' dir='ltr'>in</span> <span class='ocrx_word' id='word_1_181' title='bbox 1736 2511 1978 2606; x_wconf 87' lang='lat' dir='ltr'>grammatica</span> <span class='ocrx_word' id='word_1_182' title='bbox 1991 2510 2113 2584; x_wconf 83' lang='lat' dir='ltr'>Lituo·</span> 
     </span>
    </p>
   </div>
   <div class='ocr_carea' id='block_1_9' title="bbox 221 2641 2229 2759">
    <p class='ocr_par' dir='ltr' id='par_1_9' title="bbox 221 2641 2229 2759">
     <span class='ocr_line' id='line_1_18' title="bbox 221 2641 2229 2759; baseline 0.003 -38"><span class='ocrx_word' id='word_1_183' title='bbox 221 2649 312 2721; x_wconf 85' lang='lat' dir='ltr'>nica</span> <span class='ocrx_word' id='word_1_184' title='bbox 326 2647 595 2759; x_wconf 14' lang='lat' dir='ltr'>explicavitn(p.</span> <span class='ocrx_word' id='word_1_185' title='bbox 610 2646 693 2743; x_wconf 84' lang='lat'>46);</span> <span class='ocrx_word' id='word_1_186' title='bbox 718 2647 873 2720; x_wconf 87' lang='lat' dir='ltr'>eainest</span> <span class='ocrx_word' id='word_1_187' title='bbox 892 2650 929 2720; x_wconf 80' lang='lat' dir='ltr'>i&#39;n</span> <span class='ocrx_word' id='word_1_188' title='bbox 945 2650 1112 2745; x_wconf 90' lang='lat' dir='ltr'>ejusdem</span> <span class='ocrx_word' id='word_1_189' title='bbox 1128 2649 1312 2720; x_wconf 90' lang='lat' dir='ltr'>sermonis</span> <span class='ocrx_word' id='word_1_190' title='bbox 1334 2649 1460 2722; x_wconf 88' lang='lat' dir='ltr'>verbis</span> <span class='ocrx_word' id='word_1_191' title='bbox 1477 2645 1532 2744; x_wconf 84' lang='lat' dir='ltr'>pl</span> <span class='ocrx_word' id='word_1_192' title='bbox 1539 2649 1647 2721; x_wconf 77' lang='lat' dir='ltr'>uls-ti</span> <span class='ocrx_word' id='word_1_193' title='bbox 1667 2653 1894 2750; x_wconf 85' lang='lat' dir='ltr'>(percutere)</span> <span class='ocrx_word' id='word_1_194' title='bbox 1918 2667 1955 2728; x_wconf 88' lang='lat' dir='ltr'>et</span> <span class='ocrx_word' id='word_1_195' title='bbox 1971 2655 2118 2752; x_wconf 73' lang='lat' dir='ltr'>plera·</span> <span class='ocrx_word' id='word_1_196' title='bbox 2228 2641 2229 2718; x_wconf 78' lang='lat' dir='ltr'>l</span> 
     </span>
    </p>
   </div>
   <div class='ocr_carea' id='block_1_10' title="bbox 218 2791 2113 2898">
    <p class='ocr_par' dir='ltr' id='par_1_10' title="bbox 218 2791 2113 2898">
     <span class='ocr_line' id='line_1_19' title="bbox 218 2791 2113 2898; baseline 0.005 -33"><span class='ocrx_word' id='word_1_197' title='bbox 218 2793 454 2888; x_wconf 83' lang='lat' dir='ltr'>(verberare)</span> <span class='ocrx_word' id='word_1_198' title='bbox 496 2803 534 2864; x_wconf 87' lang='lat' dir='ltr'>et</span> <span class='ocrx_word' id='word_1_199' title='bbox 559 2791 598 2863; x_wconf 87' lang='lat' dir='ltr'>in</span> <span class='ocrx_word' id='word_1_200' title='bbox 622 2791 866 2864; x_wconf 80' lang='lat' dir='ltr'>substantivis</span> <span class='ocrx_word' id='word_1_201' title='bbox 886 2791 1068 2888; x_wconf 80' lang='lat' dir='ltr'>pleb-ia,</span> <span class='ocrx_word' id='word_1_202' title='bbox 1102 2791 1285 2888; x_wconf 71' lang='lat' dir='ltr'>plote-ia,</span> <span class='ocrx_word' id='word_1_203' title='bbox 1320 2791 1498 2888; x_wconf 76' lang='lat' dir='ltr'>plut-a,</span> <span class='ocrx_word' id='word_1_204' title='bbox 1534 2817 1629 2889; x_wconf 88' lang='lat' dir='ltr'>quae</span> <span class='ocrx_word' id='word_1_205' title='bbox 1652 2795 1744 2868; x_wconf 89' lang='lat' dir='ltr'>nihil</span> <span class='ocrx_word' id='word_1_206' title='bbox 1773 2798 1873 2870; x_wconf 89' lang='lat' dir='ltr'>aliud</span> <span class='ocrx_word' id='word_1_207' title='bbox 1901 2801 2113 2898; x_wconf 87' lang='lat' dir='ltr'>significant</span> 
     </span>
    </p>
   </div>
   <div class='ocr_carea' id='block_1_11' title="bbox 219 2935 2110 3041">
    <p class='ocr_par' dir='ltr' id='par_1_11' title="bbox 219 2935 2110 3041">
     <span class='ocr_line' id='line_1_20' title="bbox 219 2935 2110 3041; baseline 0.004 -30"><span class='ocrx_word' id='word_1_208' title='bbox 219 2963 331 3036; x_wconf 87' lang='lat' dir='ltr'>quam</span> <span class='ocrx_word' id='word_1_209' title='bbox 362 2935 591 3012; x_wconf 89' lang='lat' dir='ltr'>Graecorum</span> <span class='ocrx_word' id='word_1_210' title='bbox 618 2939 746 3038; x_wconf 71' lang='grc' dir='ltr'>πληγή,</span> <span class='ocrx_word' id='word_1_211' title='bbox 773 2937 1029 3011; x_wconf 87' lang='lat' dir='ltr'>Romanorum</span> <span class='ocrx_word' id='word_1_212' title='bbox 1055 2941 1182 3036; x_wconf 78' lang='lat' dir='ltr'>pltga‚</span> <span class='ocrx_word' id='word_1_213' title='bbox 1222 2963 1293 3012; x_wconf 90' lang='lat' dir='ltr'>nec</span> <span class='ocrx_word' id='word_1_214' title='bbox 1321 2939 1485 3038; x_wconf 80' lang='lat' dir='ltr'>separari</span> <span class='ocrx_word' id='word_1_215' title='bbox 1512 2953 1671 3036; x_wconf 91' lang='lat' dir='ltr'>possunt</span> <span class='ocrx_word' id='word_1_216' title='bbox 1697 2967 1719 3014; x_wconf 92' lang='lat' dir='ltr'>a</span> <span class='ocrx_word' id='word_1_217' title='bbox 1753 2945 1936 3041; x_wconf 83' lang='lat' dir='ltr'>majorum</span> <span class='ocrx_word' id='word_1_218' title='bbox 1964 2960 2110 3019; x_wconf 85' lang='lat' dir='ltr'>nostro·</span> 
     </span>
    </p>
   </div>
   <div class='ocr_carea' id='block_1_12' title="bbox 218 3081 2229 3475">
    <p class='ocr_par' dir='ltr' id='par_1_12' title="bbox 218 3081 2229 3475">
     <span class='ocr_line' id='line_1_21' title="bbox 218 3081 2229 3184; baseline 0.005 -29"><span class='ocrx_word' id='word_1_219' title='bbox 218 3109 302 3156; x_wconf 90' lang='lat' dir='ltr'>rum</span> <span class='ocrx_word' id='word_1_220' title='bbox 328 3081 467 3181; x_wconf 86' lang='lat' dir='ltr'>flagelli</span> <span class='ocrx_word' id='word_1_221' title='bbox 493 3083 647 3156; x_wconf 90' lang='lat' dir='ltr'>nomine</span> <span class='ocrx_word' id='word_1_222' title='bbox 664 3082 855 3182; x_wconf 64' lang='lat' dir='ltr'>flagita.</span> <span class='ocrx_word' id='word_1_223' title='bbox 907 3082 1037 3180; x_wconf 88' lang='lat' dir='ltr'>ltaque</span> <span class='ocrx_word' id='word_1_224' title='bbox 1065 3111 1149 3156; x_wconf 84' lang='lat' dir='ltr'>eum</span> <span class='ocrx_word' id='word_1_225' title='bbox 1178 3085 1270 3158; x_wconf 88' lang='lat' dir='ltr'>baec</span> <span class='ocrx_word' id='word_1_226' title='bbox 1298 3085 1344 3157; x_wconf 89' lang='lat' dir='ltr'>ad</span> <span class='ocrx_word' id='word_1_227' title='bbox 1372 3085 1668 3182; x_wconf 83' lang='lat' dir='ltr'>antiquissimam</span> <span class='ocrx_word' id='word_1_228' title='bbox 1689 3088 1805 3184; x_wconf 72' lang='lat' dir='ltr'>plat</span> <span class='ocrx_word' id='word_1_229' title='bbox 1831 3089 2006 3183; x_wconf 86' lang='lat' dir='ltr'>radicem,</span> <span class='ocrx_word' id='word_1_230' title='bbox 2037 3119 2112 3164; x_wconf 90' lang='lat' dir='ltr'>om·</span> <span class='ocrx_word' id='word_1_231' title='bbox 2228 3151 2229 3184; x_wconf 42' lang='grc' dir='ltr'>γ</span> 
     </span>
     <span class='ocr_line' id='line_1_22' title="bbox 222 3229 2229 3329; baseline 0.002 -27"><span class='ocrx_word' id='word_1_232' title='bbox 222 3229 333 3302; x_wconf 91' lang='lat' dir='ltr'>nibus</span> <span class='ocrx_word' id='word_1_233' title='bbox 360 3229 418 3301; x_wconf 89' lang='lat' dir='ltr'>his</span> <span class='ocrx_word' id='word_1_234' title='bbox 445 3229 619 3326; x_wconf 89' lang='lat' dir='ltr'>gentibus</span> <span class='ocrx_word' id='word_1_235' title='bbox 645 3229 862 3326; x_wconf 88' lang='lat' dir='ltr'>priusquam</span> <span class='ocrx_word' id='word_1_236' title='bbox 889 3229 926 3300; x_wconf 94' lang='lat' dir='ltr'>in</span> <span class='ocrx_word' id='word_1_237' title='bbox 955 3229 1064 3302; x_wconf 89' lang='lat' dir='ltr'>sedes</span> <span class='ocrx_word' id='word_1_238' title='bbox 1091 3255 1177 3303; x_wconf 87' lang='lat' dir='ltr'>suas</span> <span class='ocrx_word' id='word_1_239' title='bbox 1205 3229 1459 3303; x_wconf 86' lang='lat' dir='ltr'>discesserunt</span> <span class='ocrx_word' id='word_1_240' title='bbox 1485 3255 1734 3322; x_wconf 89' lang='lat' dir='ltr'>communem,</span> <span class='ocrx_word' id='word_1_241' title='bbox 1775 3233 2009 3329; x_wconf 89' lang='lat' dir='ltr'>probandam</span> <span class='ocrx_word' id='word_1_242' title='bbox 2040 3237 2111 3308; x_wconf 85' lang='lat' dir='ltr'>suf·</span> <span class='ocrx_word' id='word_1_243' title='bbox 2228 3285 2229 3296; x_wconf 25' lang='grc' dir='ltr'>π</span> 
     </span>
     <span class='ocr_line' id='line_1_23' title="bbox 218 3365 2229 3475; baseline 0.003 -29"><span class='ocrx_word' id='word_1_244' title='bbox 218 3373 357 3464; x_wconf 82' lang='lat' dir='ltr'>ficient,</span> <span class='ocrx_word' id='word_1_245' title='bbox 372 3371 601 3448; x_wconf 86' lang='lat' dir='ltr'>Graecorum</span> <span class='ocrx_word' id='word_1_246' title='bbox 616 3377 762 3463; x_wconf 76' lang='grc' dir='ltr'>πλήοοω</span> <span class='ocrx_word' id='word_1_247' title='bbox 787 3401 866 3448; x_wconf 94' lang='lat' dir='ltr'>non</span> <span class='ocrx_word' id='word_1_248' title='bbox 894 3401 941 3446; x_wconf 89' lang='lat' dir='ltr'>ex</span> <span class='ocrx_word' id='word_1_249' title='bbox 969 3375 1139 3448; x_wconf 84' lang='lat' dir='ltr'>molliore</span> <span class='ocrx_word' id='word_1_250' title='bbox 1166 3399 1261 3470; x_wconf 87' lang='lat' dir='ltr'>quae</span> <span class='ocrx_word' id='word_1_251' title='bbox 1288 3387 1421 3472; x_wconf 87' lang='lat' dir='ltr'>postea</span> <span class='ocrx_word' id='word_1_252' title='bbox 1446 3376 1604 3448; x_wconf 85' lang='lat' dir='ltr'>invaluit</span> <span class='ocrx_word' id='word_1_253' title='bbox 1630 3377 1752 3448; x_wconf 88' lang='lat' dir='ltr'>forma</span> <span class='ocrx_word' id='word_1_254' title='bbox 1779 3377 1845 3450; x_wconf 85' lang='lat' dir='ltr'>sed</span> <span class='ocrx_word' id='word_1_255' title='bbox 1873 3403 1920 3451; x_wconf 90' lang='lat' dir='ltr'>ex</span> <span class='ocrx_word' id='word_1_256' title='bbox 1943 3380 2110 3475; x_wconf 86' lang='lat' dir='ltr'>pleniore</span> <span class='ocrx_word' id='word_1_257' title='bbox 2228 3365 2229 3414; x_wconf 33' lang='grc' dir='ltr'><strong>Ι</strong></span> 
     </span>
    </p>
   </div>
   <div class='ocr_carea' id='block_1_13' title="bbox 221 3511 2229 3628">
    <p class='ocr_par' dir='ltr' id='par_1_13' title="bbox 221 3511 2229 3628">
     <span class='ocr_line' id='line_1_24' title="bbox 221 3511 2229 3628; baseline 0.003 -38"><span class='ocrx_word' id='word_1_258' title='bbox 221 3517 460 3626; x_wconf 76' lang='lat' dir='ltr'>deducemus.</span> <span class='ocrx_word' id='word_1_259' title='bbox 499 3519 693 3594; x_wconf 73' lang='lat' dir='ltr'>—Simili</span> <span class='ocrx_word' id='word_1_260' title='bbox 728 3520 842 3593; x_wconf 91' lang='lat' dir='ltr'>modo</span> <span class='ocrx_word' id='word_1_261' title='bbox 880 3519 1080 3593; x_wconf 85' lang='lat' dir='ltr'>dicendum</span> <span class='ocrx_word' id='word_1_262' title='bbox 1115 3521 1185 3593; x_wconf 87' lang='lat' dir='ltr'>erit</span> <span class='ocrx_word' id='word_1_263' title='bbox 1221 3521 1267 3593; x_wconf 91' lang='lat' dir='ltr'>de</span> <span class='ocrx_word' id='word_1_264' title='bbox 1300 3521 1419 3594; x_wconf 86' lang='lat' dir='ltr'>verbo</span> <span class='ocrx_word' id='word_1_265' title='bbox 1447 3511 1638 3628; x_wconf 71' lang='grc' dir='ltr'>πράσσω.</span> <span class='ocrx_word' id='word_1_266' title='bbox 1681 3551 1708 3621; x_wconf 96' lang='grc' dir='ltr'>γ</span> <span class='ocrx_word' id='word_1_267' title='bbox 1741 3522 1866 3596; x_wconf 85' lang='lat' dir='ltr'>littera</span> <span class='ocrx_word' id='word_1_268' title='bbox 1898 3524 2036 3621; x_wconf 84' lang='lat' dir='ltr'>legitur</span> <span class='ocrx_word' id='word_1_269' title='bbox 2075 3527 2109 3596; x_wconf 92' lang='lat' dir='ltr'>in</span> <span class='ocrx_word' id='word_1_270' title='bbox 2228 3541 2229 3546; x_wconf 76' lang='grc'>’</span> 
     </span>
    </p>
   </div>
   <div class='ocr_carea' id='block_1_14' title="bbox 219 3663 2229 3770">
    <p class='ocr_par' dir='ltr' id='par_1_14' title="bbox 219 3663 2229 3770">
     <span class='ocr_line' id='line_1_25' title="bbox 219 3663 2229 3770; baseline 0.002 -32"><span class='ocrx_word' id='word_1_271' title='bbox 219 3667 398 3769; x_wconf 75' lang='grc' dir='ltr'>πέπραγα,</span> <span class='ocrx_word' id='word_1_272' title='bbox 425 3667 570 3770; x_wconf 83' lang='grc' dir='ltr'>προῒγος.</span> <span class='ocrx_word' id='word_1_273' title='bbox 629 3664 789 3762; x_wconf 81' lang='lat' dir='ltr'>Propter</span> <span class='ocrx_word' id='word_1_274' title='bbox 827 3663 1047 3762; x_wconf 88' lang='lat' dir='ltr'>productam</span> <span class='ocrx_word' id='word_1_275' title='bbox 1089 3667 1258 3738; x_wconf 84' lang='lat' dir='ltr'>vocalem</span> <span class='ocrx_word' id='word_1_276' title='bbox 1292 3665 1505 3740; x_wconf 86' lang='lat' dir='ltr'>Lobeckins</span> <span class='ocrx_word' id='word_1_277' title='bbox 1541 3667 1742 3765; x_wconf 90' lang='lat' dir='ltr'>(Paralipp.</span> <span class='ocrx_word' id='word_1_278' title='bbox 1784 3671 1873 3762; x_wconf 79' lang='lat'>401)</span> <span class='ocrx_word' id='word_1_279' title='bbox 1918 3671 2109 3743; x_wconf 86' lang='lat' dir='ltr'>veteribus</span> <span class='ocrx_word' id='word_1_280' title='bbox 2228 3663 2229 3704; x_wconf 38' lang='grc' dir='ltr'><strong>Ι</strong></span> 
     </span>
    </p>
   </div>
   <div class='ocr_carea' id='block_1_15' title="bbox 220 3809 2110 4928">
    <p class='ocr_par' dir='ltr' id='par_1_15' title="bbox 220 3809 2110 4928">
     <span class='ocr_line' id='line_1_26' title="bbox 222 3809 2109 3917; baseline 0.004 -38"><span class='ocrx_word' id='word_1_281' title='bbox 222 3809 475 3905; x_wconf 81' lang='lat' dir='ltr'>grammaticis</span> <span class='ocrx_word' id='word_1_282' title='bbox 491 3811 703 3900; x_wconf 87' lang='lat' dir='ltr'>assentitur,</span> <span class='ocrx_word' id='word_1_283' title='bbox 729 3816 873 3917; x_wconf 80' lang='grc' dir='ltr'>προίοοω</span> <span class='ocrx_word' id='word_1_284' title='bbox 900 3835 921 3880; x_wconf 83' lang='lat' dir='ltr'>a</span> <span class='ocrx_word' id='word_1_285' title='bbox 946 3811 1059 3915; x_wconf 75' lang='grc' dir='ltr'>περοίω</span> <span class='ocrx_word' id='word_1_286' title='bbox 1086 3809 1359 3902; x_wconf 87' lang='lat' dir='ltr'>derivantibus,</span> <span class='ocrx_word' id='word_1_287' title='bbox 1387 3812 1465 3909; x_wconf 91' lang='lat' dir='ltr'>ipse</span> <span class='ocrx_word' id='word_1_288' title='bbox 1493 3824 1616 3884; x_wconf 88' lang='lat' dir='ltr'>autern</span> <span class='ocrx_word' id='word_1_289' title='bbox 1646 3813 1858 3885; x_wconf 86' lang='lat' dir='ltr'>breviorem</span> <span class='ocrx_word' id='word_1_290' title='bbox 1885 3815 2045 3886; x_wconf 87' lang='lat' dir='ltr'>formam</span> <span class='ocrx_word' id='word_1_291' title='bbox 2075 3816 2109 3886; x_wconf 90' lang='lat' dir='ltr'>in</span> 
     </span>
     <span class='ocr_line' id='line_1_27' title="bbox 221 3951 2110 4065; baseline 0.005 -41"><span class='ocrx_word' id='word_1_292' title='bbox 221 3951 345 4026; x_wconf 91' lang='lat' dir='ltr'>ionico</span> <span class='ocrx_word' id='word_1_293' title='bbox 380 3955 572 4059; x_wconf 75' lang='grc' dir='ltr'>πιπροίσκπν</span> <span class='ocrx_word' id='word_1_294' title='bbox 596 3957 715 4060; x_wconf 76' lang='grc' dir='ltr'>πρῆοις</span> <span class='ocrx_word' id='word_1_295' title='bbox 742 3967 779 4026; x_wconf 88' lang='lat' dir='ltr'>et</span> <span class='ocrx_word' id='word_1_296' title='bbox 793 3957 830 4027; x_wconf 92' lang='lat' dir='ltr'>in</span> <span class='ocrx_word' id='word_1_297' title='bbox 859 3981 903 4027; x_wconf 89' lang='lat' dir='ltr'>eo</span> <span class='ocrx_word' id='word_1_298' title='bbox 933 3954 1033 4051; x_wconf 90' lang='lat' dir='ltr'>quod</span> <span class='ocrx_word' id='word_1_299' title='bbox 1060 3955 1159 4052; x_wconf 89' lang='lat' dir='ltr'>apud</span> <span class='ocrx_word' id='word_1_300' title='bbox 1185 3951 1415 4054; x_wconf 90' lang='lat' dir='ltr'>Hesychium</span> <span class='ocrx_word' id='word_1_301' title='bbox 1443 3967 1612 4030; x_wconf 85' lang='lat' dir='ltr'>servatur</span> <span class='ocrx_word' id='word_1_302' title='bbox 1635 3955 1775 4063; x_wconf 77' lang='grc' dir='ltr'>ἕπροοοεν</span> <span class='ocrx_word' id='word_1_303' title='bbox 1801 3963 2110 4065; x_wconf 75' lang='grc' dir='ltr'>ἐπραγματεύσατο</span> 
     </span>
     <span class='ocr_line' id='line_1_28' title="bbox 222 4097 2108 4201; baseline 0.005 -33"><span class='ocrx_word' id='word_1_304' title='bbox 222 4097 376 4171; x_wconf 86' lang='lat' dir='ltr'>subesse</span> <span class='ocrx_word' id='word_1_305' title='bbox 405 4103 623 4197; x_wconf 87' lang='lat' dir='ltr'>suspicatur.</span> <span class='ocrx_word' id='word_1_306' title='bbox 675 4101 731 4173; x_wconf 88' lang='lat' dir='ltr'>Ac</span> <span class='ocrx_word' id='word_1_307' title='bbox 759 4101 1026 4197; x_wconf 82' lang='lat' dir='ltr'>comprobatur</span> <span class='ocrx_word' id='word_1_308' title='bbox 1053 4101 1145 4173; x_wconf 89' lang='lat' dir='ltr'>haec</span> <span class='ocrx_word' id='word_1_309' title='bbox 1174 4101 1389 4197; x_wconf 84' lang='lat' dir='ltr'>conjectura</span> <span class='ocrx_word' id='word_1_310' title='bbox 1415 4101 1565 4198; x_wconf 88' lang='lat' dir='ltr'>linguae</span> <span class='ocrx_word' id='word_1_311' title='bbox 1593 4104 1795 4176; x_wconf 86' lang='lat' dir='ltr'>sanseritae</span> <span class='ocrx_word' id='word_1_312' title='bbox 1819 4107 2108 4201; x_wconf 86' lang='lat' dir='ltr'>comparatione,</span> 
     </span>
     <span class='ocr_line' id='line_1_29' title="bbox 222 4232 2107 4346; baseline 0.004 -33"><span class='ocrx_word' id='word_1_313' title='bbox 222 4242 260 4314; x_wconf 89' lang='lat' dir='ltr'>in</span> <span class='ocrx_word' id='word_1_314' title='bbox 288 4269 362 4338; x_wconf 87' lang='lat' dir='ltr'>qua</span> <span class='ocrx_word' id='word_1_315' title='bbox 387 4245 527 4342; x_wconf 86' lang='lat' dir='ltr'>duplex</span> <span class='ocrx_word' id='word_1_316' title='bbox 554 4245 663 4318; x_wconf 83' lang='lat' dir='ltr'>radix</span> <span class='ocrx_word' id='word_1_317' title='bbox 685 4271 742 4340; x_wconf 77' lang='lat' dir='ltr'>pr</span> <span class='ocrx_word' id='word_1_318' title='bbox 783 4246 983 4338; x_wconf 87' lang='lat' dir='ltr'>invenitur,</span> <span class='ocrx_word' id='word_1_319' title='bbox 1024 4247 1140 4318; x_wconf 86' lang='lat' dir='ltr'>altera</span> <span class='ocrx_word' id='word_1_320' title='bbox 1169 4259 1341 4343; x_wconf 87' lang='lat' dir='ltr'>correpta</span> <span class='ocrx_word' id='word_1_321' title='bbox 1376 4257 1486 4343; x_wconf 85' lang='lat' dir='ltr'>atque</span> <span class='ocrx_word' id='word_1_322' title='bbox 1515 4271 1562 4319; x_wconf 88' lang='lat' dir='ltr'>ex</span> <span class='ocrx_word' id='word_1_323' title='bbox 1596 4232 1686 4343; x_wconf 59' lang='lat' dir='ltr'>pub</span> <span class='ocrx_word' id='word_1_324' title='bbox 1712 4259 1810 4340; x_wconf 88' lang='lat' dir='ltr'>orta,</span> <span class='ocrx_word' id='word_1_325' title='bbox 1839 4247 2107 4346; x_wconf 84' lang='lat' dir='ltr'>quacWester·</span> 
     </span>
     <span class='ocr_line' id='line_1_30' title="bbox 220 4387 2106 4490; baseline 0.005 -34"><span class='ocrx_word' id='word_1_326' title='bbox 220 4387 374 4483; x_wconf 85' lang='lat' dir='ltr'>gaardio</span> <span class='ocrx_word' id='word_1_327' title='bbox 402 4403 497 4464; x_wconf 89' lang='lat' dir='ltr'>teste</span> <span class='ocrx_word' id='word_1_328' title='bbox 526 4402 748 4487; x_wconf 86' lang='lat' dir='ltr'>occupatum</span> <span class='ocrx_word' id='word_1_329' title='bbox 776 4413 858 4462; x_wconf 89' lang='lat' dir='ltr'>esse</span> <span class='ocrx_word' id='word_1_330' title='bbox 887 4391 1088 4487; x_wconf 86' lang='lat' dir='ltr'>significat,</span> <span class='ocrx_word' id='word_1_331' title='bbox 1131 4392 1247 4463; x_wconf 87' lang='lat' dir='ltr'>altera</span> <span class='ocrx_word' id='word_1_332' title='bbox 1273 4391 1456 4488; x_wconf 87' lang='lat' dir='ltr'>producta</span> <span class='ocrx_word' id='word_1_333' title='bbox 1491 4403 1528 4464; x_wconf 90' lang='lat' dir='ltr'>et</span> <span class='ocrx_word' id='word_1_334' title='bbox 1561 4415 1609 4464; x_wconf 88' lang='lat' dir='ltr'>ex</span> <span class='ocrx_word' id='word_1_335' title='bbox 1636 4392 1845 4488; x_wconf 86' lang='lat' dir='ltr'>antiquiore</span> <span class='ocrx_word' id='word_1_336' title='bbox 1880 4393 1967 4490; x_wconf 83' lang='lat' dir='ltr'>pdr</span> <span class='ocrx_word' id='word_1_337' title='bbox 1999 4395 2106 4483; x_wconf 83' lang='lat' dir='ltr'>facta,</span> 
     </span>
     <span class='ocr_line' id='line_1_31' title="bbox 223 4534 2106 4636; baseline 0.003 -31"><span class='ocrx_word' id='word_1_338' title='bbox 223 4557 318 4629; x_wconf 84' lang='lat' dir='ltr'>quae</span> <span class='ocrx_word' id='word_1_339' title='bbox 346 4534 479 4608; x_wconf 87' lang='lat' dir='ltr'>eodem</span> <span class='ocrx_word' id='word_1_340' title='bbox 508 4548 659 4609; x_wconf 89' lang='lat' dir='ltr'>auctore</span> <span class='ocrx_word' id='word_1_341' title='bbox 700 4536 842 4633; x_wconf 80' lang='lat' dir='ltr'>negotii</span> <span class='ocrx_word' id='word_1_342' title='bbox 880 4535 1112 4634; x_wconf 84' lang='lat' dir='ltr'>transigendi</span> <span class='ocrx_word' id='word_1_343' title='bbox 1138 4537 1332 4609; x_wconf 90' lang='lat' dir='ltr'>notionem</span> <span class='ocrx_word' id='word_1_344' title='bbox 1372 4537 1496 4609; x_wconf 88' lang='lat' dir='ltr'>habet.</span> <span class='ocrx_word' id='word_1_345' title='bbox 1549 4535 1756 4634; x_wconf 89' lang='lat' dir='ltr'>Utrumque</span> <span class='ocrx_word' id='word_1_346' title='bbox 1783 4563 1861 4611; x_wconf 91' lang='lat' dir='ltr'>non</span> <span class='ocrx_word' id='word_1_347' title='bbox 1888 4564 2106 4636; x_wconf 87' lang='lat' dir='ltr'>graecorum</span> 
     </span>
     <span class='ocr_line' id='line_1_32' title="bbox 220 4679 2104 4778; baseline 0.003 -27"><span class='ocrx_word' id='word_1_348' title='bbox 220 4689 366 4752; x_wconf 86' lang='lat' dir='ltr'>tantum</span> <span class='ocrx_word' id='word_1_349' title='bbox 395 4679 442 4753; x_wconf 90' lang='lat' dir='ltr'>de</span> <span class='ocrx_word' id='word_1_350' title='bbox 469 4681 604 4778; x_wconf 90' lang='lat' dir='ltr'>quibus</span> <span class='ocrx_word' id='word_1_351' title='bbox 632 4681 794 4756; x_wconf 88' lang='lat' dir='ltr'>diximus</span> <span class='ocrx_word' id='word_1_352' title='bbox 821 4683 1024 4756; x_wconf 89' lang='lat' dir='ltr'>verborum</span> <span class='ocrx_word' id='word_1_353' title='bbox 1053 4681 1245 4755; x_wconf 87' lang='lat' dir='ltr'>sedetiam</span> <span class='ocrx_word' id='word_1_354' title='bbox 1272 4681 1376 4755; x_wconf 87' lang='lat' dir='ltr'>latini</span> <span class='ocrx_word' id='word_1_355' title='bbox 1399 4707 1573 4778; x_wconf 81' lang='lat' dir='ltr'>parare</span> <span class='ocrx_word' id='word_1_356' title='bbox 1598 4687 1989 4760; x_wconf 86' lang='lat' dir='ltr'>noscommonefacit.·</span> <span class='ocrx_word' id='word_1_357' title='bbox 2021 4685 2104 4760; x_wconf 77' lang='lat' dir='ltr'>dam</span> 
     </span>
     <span class='ocr_line' id='line_1_33' title="bbox 222 4823 2105 4928; baseline 0.003 -32"><span class='ocrx_word' id='word_1_358' title='bbox 222 4849 314 4896; x_wconf 90' lang='lat' dir='ltr'>vero</span> <span class='ocrx_word' id='word_1_359' title='bbox 342 4823 551 4898; x_wconf 73' lang='lat' dir='ltr'>tenueram</span> <span class='ocrx_word' id='word_1_360' title='bbox 577 4827 813 4912; x_wconf 84' lang='lat' dir='ltr'>brevioribus</span> <span class='ocrx_word' id='word_1_361' title='bbox 842 4827 1019 4926; x_wconf 89' lang='lat' dir='ltr'>stirpibus</span> <span class='ocrx_word' id='word_1_362' title='bbox 1047 4826 1147 4900; x_wconf 86' lang='lat' dir='ltr'>haud</span> <span class='ocrx_word' id='word_1_363' title='bbox 1173 4851 1258 4900; x_wconf 88' lang='lat' dir='ltr'>raro</span> <span class='ocrx_word' id='word_1_364' title='bbox 1285 4827 1338 4900; x_wconf 89' lang='lat' dir='ltr'>ita</span> <span class='ocrx_word' id='word_1_365' title='bbox 1364 4825 1528 4926; x_wconf 72' lang='lat' dir='ltr'>additam</span> <span class='ocrx_word' id='word_1_366' title='bbox 1549 4827 1731 4920; x_wconf 89' lang='lat' dir='ltr'>videmus,</span> <span class='ocrx_word' id='word_1_367' title='bbox 1759 4841 1800 4903; x_wconf 91' lang='lat' dir='ltr'>ut</span> <span class='ocrx_word' id='word_1_368' title='bbox 1827 4831 1905 4928; x_wconf 87' lang='lat' dir='ltr'>ejus</span> <span class='ocrx_word' id='word_1_369' title='bbox 1933 4856 2003 4928; x_wconf 85' lang='lat' dir='ltr'>ope</span> <span class='ocrx_word' id='word_1_370' title='bbox 2030 4832 2105 4903; x_wconf 92' lang='lat' dir='ltr'>lon·</span> 
     </span>
    </p>
   </div>
   <div class='ocr_carea' id='block_1_16' title="bbox 223 4967 2104 5065">
    <p class='ocr_par' dir='ltr' id='par_1_16' title="bbox 223 4967 2104 5065">
     <span class='ocr_line' id='line_1_34' title="bbox 223 4967 2104 5065; baseline 0.003 -25"><span class='ocrx_word' id='word_1_371' title='bbox 223 4968 350 5065; x_wconf 89' lang='lat' dir='ltr'>giores</span> <span class='ocrx_word' id='word_1_372' title='bbox 377 4967 464 5042; x_wconf 88' lang='lat' dir='ltr'>inde</span> <span class='ocrx_word' id='word_1_373' title='bbox 493 4971 635 5044; x_wconf 85' lang='lat' dir='ltr'>formae</span> <span class='ocrx_word' id='word_1_374' title='bbox 663 4971 906 5046; x_wconf 86' lang='lat' dir='ltr'>deducantur.</span> <span class='ocrx_word' id='word_1_375' title='bbox 961 4970 1042 5062; x_wconf 85' lang='lat' dir='ltr'>Qua</span> <span class='ocrx_word' id='word_1_376' title='bbox 1081 4972 1128 5046; x_wconf 90' lang='lat' dir='ltr'>de</span> <span class='ocrx_word' id='word_1_377' title='bbox 1167 4997 1318 5046; x_wconf 87' lang='lat' dir='ltr'>recum</span> <span class='ocrx_word' id='word_1_378' title='bbox 1355 4974 1435 5047; x_wconf 91' lang='lat' dir='ltr'>aliis</span> <span class='ocrx_word' id='word_1_379' title='bbox 1470 4975 1562 5048; x_wconf 85' lang='lat' dir='ltr'>locis</span> <span class='ocrx_word' id='word_1_380' title='bbox 1603 4987 1639 5048; x_wconf 89' lang='lat' dir='ltr'>et</span> <span class='ocrx_word' id='word_1_381' title='bbox 1678 4975 1835 5049; x_wconf 85' lang='lat' dir='ltr'>dixerim</span> <span class='ocrx_word' id='word_1_382' title='bbox 1872 4987 1910 5049; x_wconf 90' lang='lat' dir='ltr'>et</span> <span class='ocrx_word' id='word_1_383' title='bbox 1943 4973 2104 5049; x_wconf 87' lang='lat' dir='ltr'>dicturus</span> 
     </span>
    </p>
   </div>
   <div class='ocr_carea' id='block_1_17' title="bbox 0 0 2271 5892">
    <p class='ocr_par' dir='ltr' id='par_1_17' title="bbox 0 0 2271 5892">
     <span class='ocr_line' id='line_1_35' title="bbox 0 0 2271 5892; baseline 0 0"><span class='ocrx_word' id='word_1_384' title='bbox 0 0 2271 5892; x_wconf 95' lang='lat' dir='ltr'> </span> 
     </span>
    </p>
   </div>
  </div>
 </body>
</html>
