4520 5896
819 791 969 796 ,.,
1025 760 1252 824 5,-

340 963 437 1034 raret,
462 955 531 1020 fieri
553 955 695 1038 potuisse
715 955 893 1022 arbitratus
916 963 976 1034 est,
1001 963 1037 1021 ut
1058 956 1167 1021 littera
1188 955 1333 1033 sibilare,
1357 955 1493 1036 quaein
1516 955 1606 1018 initio
1629 953 1728 1038 hujus

339 1075 428 1142 verbi
450 1075 628 1158 antiquitus
650 1073 774 1154 fnisset,
798 1073 1033 1158 quodammodo
1056 1075 1082 1142 F
1105 1075 1241 1159 speciem
1268 1073 1424 1138 indueret.
1455 1073 1524 1150 Quo
1547 1073 1579 1136 iu
1604 1072 1725 1155 judicio

341 1195 490 1260 iaciendo
521 1194 622 1278 magis
652 1214 781 1258 sensum
805 1193 965 1277 quendam
987 1195 1053 1258 veri
1077 1215 1173 1277 quarn
1197 1198 1317 1260 certam
1341 1191 1546 1274 intellegendi
1568 1193 1725 1258 rationem

341 1320 469 1379 secutus
494 1320 551 1378 est.
596 1313 662 1378 Nos
685 1332 770 1376 nuuc
792 1314 918 1390 scimus,
941 1333 962 1376 o
983 1313 1124 1377 litteram
1148 1333 1212 1378 non
1234 1313 1340 1376 minus
1363 1331 1461 1394 saepe
1481 1312 1619 1395 quamF
1641 1315 1726 1378 inter

340 1435 466 1500 vocales
490 1432 663 1508 excidisse,
694 1436 728 1496 et
757 1431 798 1497 ob
827 1451 898 1496 cam
925 1451 1052 1497 oensem
1076 1425 1204 1518 ἑάφθη
1229 1451 1269 1496 ex
1291 1427 1455 1515 ἑ-σάφ-θη
1477 1431 1554 1494 oriri
1577 1433 1726 1515 potuisse.

340 1553 432 1630 Quod
455 1573 527 1617 cum
551 1553 763 1616 Buttmannus
786 1551 928 1615 nondum
949 1550 1176 1630 intellexisset,
1199 1553 1266 1634 ipse
1292 1551 1325 1614 in
1349 1569 1386 1615 eo
1408 1549 1494 1632 quod
1515 1559 1728 1633 proposuerat

342 1692 406 1737 non
430 1672 510 1736 satis
532 1671 669 1735 fiduciae
692 1669 860 1735 collocavit
883 1675 916 1734 et
937 1677 1051 1753 postea
1073 1671 1141 1751 (Gr.
1158 1669 1254 1753 ampl.
1275 1669 1307 1734 ll
1333 1673 1414 1748 117),
1437 1669 1543 1751 priore
1566 1673 1727 1736 sententia

340 1790 577 1873 quodammodo
600 1795 787 1868 retractata,
808 1809 877 1854 rem
899 1787 1031 1854 dubiam
1054 1809 1123 1855 esse
1147 1789 1333 1854 declaravit.

427 1910 624 1976 Buttmanno
648 1907 816 1975 oblocutus
839 1909 946 1986 estis,
971 1908 1026 1991 qui
1048 1909 1168 1992 ubique
1183 1908 1250 1972 lere
1272 1907 1304 1970 in
1327 1906 1730 1991 quaestionibusllomeri·

340 2031 384 2094 cis
408 2029 441 2094 id
464 2031 538 2112 egit·
560 2035 596 2094 ut
619 2047 828 2112 quaecunque
851 2027 899 2092 vel
923 2027 964 2094 ab
987 2029 1119 2110 antiquo
1143 2027 1254 2110 aliquo
1279 2027 1486 2110 grammatico
1509 2027 1558 2090 vel
1581 2049 1602 2092 a
1623 2032 1726 2095 nostri

339 2149 492 2231 temporis
526 2147 687 2232 philologo
716 2146 868 2211 audacius
895 2159 927 2213 et
956 2154 1068 2213 contra
1095 2145 1259 2230 vulgarem
1298 2145 1478 2228 opinionem
1515 2147 1620 2229 posita
1655 2169 1726 2214 esse

339 2267 543 2344 videbantur,
570 2266 781 2354 restringeret
808 2270 840 2329 et
871 2266 897 2328 si
920 2265 989 2331 fieri
1018 2273 1129 2350 posset
1151 2264 1323 2344 refutaret,
1352 2264 1541 2330 Franciscus
1571 2265 1727 2350 Spitznar.

339 2385 399 2449 Hic
427 2391 551 2450 tautum
576 2385 703 2462 aberat,
732 2389 769 2449 ut
793 2384 980 2450 Buttmanni
1007 2385 1096 2450 illam
1123 2385 1162 2450 do
1185 2389 1356 2467 augmento
1385 2383 1641 2450 observationem
1669 2387 1726 2452 ali-

340 2505 431 2588 cujus
452 2523 530 2568 usus
552 2505 585 2568 in
608 2501 668 2568 hac
692 2504 880 2587 quaestione
911 2525 978 2569 esss
1005 2509 1147 2588 putaret,
1178 2509 1215 2568 ut
1237 2501 1360 2588 (Iliadis
1385 2501 1466 2568 Sect.
1489 2503 1532 2566 lV
1555 2527 1584 2588 p.
1608 2505 1726 2590 XXIV)

338 2623 371 2686 in
393 2623 473 2688 haec
500 2623 598 2689 verba
625 2629 816 2705 crumperet:
848 2625 967 2702 „istum
989 2624 1102 2689 literae
1125 2628 1157 2688 et
1179 2621 1412 2688 incertissimae
1436 2627 1469 2686 et
1491 2625 1646 2706 temporis
1671 2624 1726 2690 de·

339 2761 434 2806 eursu
458 2763 559 2825 paene
582 2743 758 2808 exstinctae
780 2779 821 2789 -
846 2743 1009 2826 digamma
1030 2742 1110 2808 dicit
1133 2779 1170 2790 -
1195 2740 1356 2807 delectum
1372 2741 1424 2805 rel
1439 2763 1552 2824 parum
1575 2743 1626 2807 vel
1648 2742 1727 2808 nihil

339 2859 467 2925 efficere
495 2860 571 2924 mihi
598 2861 725 2943 quidem
755 2882 943 2943 persuasum
974 2867 1050 2926 est‘.
1096 2862 1155 2925 Est
1184 2860 1244 2925 hoc
1273 2859 1453 2943 exemplum
1485 2861 1554 2943 ejus
1577 2861 1727 2942 levitatis,
1825 2880 1828 2886 ·

338 3001 403 3063 qua
428 2979 514 3044 haud
541 2979 635 3061 pauci
666 2979 720 3060 qui
748 2971 1178 3065 philologicamciapideccv
1199 2999 1277 3061 prae
1307 2997 1342 3042 se
1368 2978 1492 3058 ierunt,
1521 2982 1727 3062 quaestiones

338 3099 565 3181 grammaticas
588 3101 739 3162 tractant.
785 3098 832 3162 Ea
855 3119 938 3179 quae
961 3117 1020 3162 nco
1044 3097 1124 3163 satis
1146 3096 1337 3178 intellegunt
1359 3117 1418 3160 nec
1446 3100 1629 3164 accuratius
1653 3121 1727 3164 exa-

337 3217 510 3294 minarunt,
534 3215 645 3279 dicunt
668 3235 737 3280 esse
760 3216 987 3295 incertissima,
1014 3215 1135 3280 nullam
1157 3215 1253 3282 aliam
1277 3215 1318 3278 ob
1342 3233 1487 3292 causam,
1512 3216 1573 3280 nisi
1595 3221 1630 3280 ut
1652 3239 1727 3300 pro·

337 3337 484 3400 nuntiato
511 3335 672 3418 ejusmodi
698 3333 819 3418 judicic
847 3336 974 3401 veniam
1000 3334 1169 3418 ignorandi
1197 3336 1258 3399 sibi
1283 3340 1409 3418 parent.
1459 3332 1511 3398 Sic
1540 3335 1725 3417 Spitunerus

336 3477 401 3520 non
423 3459 515 3520 curat
540 3455 710 3538 quaejam
733 3460 802 3518 tum
825 3454 1041 3520 Buttmaunus
1070 3475 1130 3536 pro
1156 3453 1241 3519 illius
1271 3453 1423 3538 temporis
1451 3455 1575 3520 ratione
1599 3456 1725 3539 egregie

340 3574 379 3639 de
402 3574 522 3658 duplici
545 3579 713 3656 augmento
737 3572 944 3654 disseruerat,
968 3595 1008 3640 ne
1031 3573 1092 3640 hoc
1115 3573 1243 3657 quidem
1262 3595 1334 3639 eum
1351 3575 1492 3650 offendit,
1516 3574 1601 3656 quod
1616 3575 1648 3638 in
1663 3575 1726 3640 huc

337 3693 440 3758 forma
462 3692 533 3758 sola
555 3690 741 3776 syllabicum
764 3698 968 3776 augmentum
991 3713 1049 3776 pro
1073 3693 1243 3776 temporali
1265 3695 1404 3776 positum
1427 3699 1523 3771 esset,
1547 3695 1574 3758 si
1597 3694 1725 3774 quidem

337 3813 378 3878 ab
402 3807 556 3894 ἅπτομαι
578 3817 665 3876 recte
689 3810 911 3876 deduceretur.
948 3813 1051 3878 Erant
1073 3812 1153 3877 talia
1176 3818 1208 3876 ct
1231 3817 1306 3876 sunt
1328 3814 1511 3878 etiamnunc
1533 3811 1644 3876 multis
1668 3815 1727 3876 mi-

336 3931 433 4011 nima,
456 3935 555 4014 atque
577 3935 614 3994 ut
628 3929 765 3994 Romani
787 3938 971 4012 praetorem
987 3931 1142 3996 vetabant
1157 3931 1288 3996 minima
1304 3951 1427 4008 curare,
1450 3932 1497 3994 sic
1513 3930 1592 3996 haec
1615 3953 1635 3995 a
1656 3931 1726 4014 phi-

336 4049 435 4134 lologi
458 4070 558 4134 opera
580 4048 768 4128 excludunt,
799 4070 994 4134 quamquam
1018 4050 1163 4115 homines
1194 4049 1348 4133 philologi
1378 4049 1565 4131 ceteroquin
1588 4049 1728 4114 archus

336 4168 445 4252 parvis
469 4175 502 4234 et
528 4168 667 4234 minimis
695 4167 867 4250 diligenter
897 4169 1103 4253 explorandis
1132 4189 1335 4252 nequaquem
1366 4167 1460 4234 alieni
1483 4175 1567 4232 sunt.
1612 4141 1727 4250 Itaque

337 4285 521 4370 Spitzuerus
543 4288 584 4351 ud
602 4287 777 4354 Herodiani
799 4288 1096 4372 interpretationem
1119 4309 1272 4366 reuersus,
1298 4282 1414 4373 ἑάφθη
1437 4287 1478 4352 ab
1501 4262 1655 4368 ἅπτομαι
1670 4287 1725 4352 de·

337 4404 429 4470 duxit
450 4411 484 4471 et
507 4425 617 4472 omnes
640 4411 799 4490 quantum
820 4406 886 4472 scio
915 4408 969 4490 qui
991 4414 1159 4491 postcom
1183 4408 1223 4474 de
1252 4408 1312 4473 hac
1340 4427 1376 4471 re
1404 4404 1594 4471 sententiam
1617 4411 1725 4488 protu·

336 4525 445 4592 lerunt
467 4547 539 4591 cum
562 4528 663 4591 secuti
686 4531 770 4591 sunt.

423 4646 484 4711 Res
506 4644 603 4728 igitur
623 4643 707 4710 haec
730 4653 786 4711 est.
832 4647 923 4712 Duae
946 4645 1041 4730 hujus
1065 4647 1186 4712 formae
1209 4651 1338 4712 exstant
1360 4645 1598 4729 explicationes,
1622 4644 1725 4710 altera

337 4761 525 4840 Aristarchi,
550 4763 653 4828 altera
668 4763 846 4830 Herodiani
861 4765 1055 4832 auctoritate
1071 4765 1200 4832 munita.
1235 4766 1407 4844 Quaeritur
1422 4771 1495 4830 utra
1514 4763 1727 4847 praeferenda
