4444 5866
1032 473 1235 496 μή

271 593 440 678 expedierit
462 591 612 676 Gopperto
634 591 668 658 iu
685 589 767 660 lituo
787 603 824 654 oo
838 599 937 670 apuam
959 583 997 652 de
1017 585 1135 654 theatro
1156 583 1339 652 Graecorum
1361 584 1559 671 mnscrlpsit,
1587 583 1721 667 puelle
1738 585 1884 663 remu
1897 603 1992 672 snpra

272 713 433 796 descriptis
454 709 594 779 inaudito
613 714 705 792 atone
725 707 882 774 invisitata
902 703 999 770 inxit
1040 703 1126 770 llnus
1148 703 1319 771 Scholiasta
1339 707 1421 772 recte
1441 705 1495 764 lere
1507 707 1611 798 μέντοι,
1630 705 1748 791 inanit,
1769 708 1812 766 ert
1831 701 1879 780 eta
1897 715 1993 781 em

273 827 420 906 diremi,
438 829 472 894 in
491 829 531 894 iis
553 833 654 894 tamea
675 827 727 892 ille
748 827 856 905 salsos,
878 839 960 906 qnae
980 821 1018 888 de
1039 837 1075 888 eo
1097 823 1276 905 somniarit,
1299 837 1354 887 cnr
1374 821 1543 906 Sophocles
1572 826 1687 902 φθέγμα
1711 820 1828 894 eucine
1856 823 1993 928 dixisset,

272 952 346 1016 Tum
363 951 398 1014 in
418 926 573 1030 prioribus
594 945 755 1012 uerborum
777 937 826 1004 adu
846 933 967 1010 ἄποπτος
986 929 1017 1021 ,ἦς
1036 937 1339 1021 interpretationibus
1360 927 1481 1026 quihus,
1504 942 1643 1024 quemuis
1660 927 1856 1010 deoo'cahnlo
1872 940 1993 1012 ἄποπτος

271 1067 442 1135 sententiae
462 1064 642 1150 discrepent,
662 1063 695 1130 id
715 1067 877 1128 commone
899 1065 953 1145 est,
975 1059 1010 1125 in
1032 1075 1092 1142 quo
1121 1073 1189 1122 mea
1218 1055 1340 1140 quidem
1368 1060 1522 1125 sententia
1550 1077 1636 1126 error
1660 1063 1801 1146 rerlitor,
1828 1059 1906 1127 illud
1927 1078 1993 1126 non
2088 1122 2092 1132 ,

271 1189 378 1254 leuiter
399 1184 533 1269 otendit,
555 1182 638 1268 qnod
662 1197 732 1248 oum
753 1159 949 1246 oonlonotlro
970 1169 1001 1258 ,ἧς
1020 1175 1179 1244 conciliari
1201 1175 1287 1243 nullo
1304 1181 1394 1258 paolo
1416 1183 1540 1260 queunt
1584 1177 1701 1256 Quodsi
1723 1191 1789 1245 eom
1809 1179 1993 1250 sententiam
2070 1213 2073 1219 ·

271 1301 440 1388 Sophocles
461 1305 584 1370 secutus
606 1305 694 1384 osset,
718 1295 969 1382 quam-credunt,
989 1311 1055 1362 non
1075 1291 1126 1356 κᾶν
1144 1309 1214 1362 cum
1236 1296 1451 1382 coniunctim,
1475 1295 1596 1382 sederi
1622 1313 1692 1364 enm
1713 1297 1879 1368 indicativo
1901 1297 1995 1364 modo

271 1423 491 1508 usurpavisset.
511 1421 615 1488 Liceat
635 1419 695 1486 hoe
716 1416 814 1483 donec
834 1417 963 1482 meliore
983 1413 1119 1497 edocear,
1138 1413 1188 1479 rel
1209 1411 1356 1480 adversus
1376 1413 1569 1482 liumanncs
1591 1421 1622 1480 et
1641 1413 1819 1502 hebeninos,
1839 1421 1872 1484 ut
1892 1431 1992 1500 poen·

272 1552 322 1612 tos
341 1543 437 1620 uiros,
457 1537 650 1606 contendere
691 1535 831 1618 Denique
852 1549 931 1618 quae
952 1533 1029 1600 relic
1052 1534 1142 1616 quire
1162 1547 1261 1598 nexus
1282 1533 1363 1598 inter
1383 1533 1476 1598 uerba
1500 1535 1547 1594 eal
1566 1539 1612 1594 rou
1633 1539 1663 1598 et
1684 1550 1720 1599 ea
1747 1551 1828 1618 qnae
1847 1550 1996 1618 praegre-

274 1661 399 1726 diunlur
419 1655 586 1726 intercedat
606 1655 669 1720 nisi
690 1672 710 1720 a
730 1652 942 1735 superioribus
969 1645 1185 1732 interpretibus
1212 1649 1375 1732 Sophoclis
1404 1650 1578 1720 discedatur
1605 1669 1669 1720 non
1690 1651 1839 1736 intelligo.
1881 1655 1995 1720 omnia

273 1779 331 1862 e'go
349 1779 383 1843 in
404 1779 510 1858 aperto
532 1790 599 1841 esse
620 1779 650 1840 et
670 1775 761 1856 poeta
782 1776 868 1836 lanto
892 1769 984 1852 digna
1001 1785 1122 1854 censeo,
1143 1771 1171 1834 si
1192 1768 1360 1837 scribatur:

720 1881 742 1950 ὦ
762 1893 866 1966 φθέγμ’
886 1883 1009 1973 Ἀθάνας,
1028 1883 1154 1962 φιλτάτης
1172 1887 1230 1964 ἐμοὶ
1248 1891 1328 1956 θεῶν,
1348 1921 1390 1938 -·

723 2004 758 2078 ὥς
778 2005 894 2084 εὐμαθὲς
913 2031 964 2070 που
984 2003 1034 2066 κᾶν
1053 2002 1172 2076 dumne
1192 1997 1222 2086 ᾗς
1242 2002 1311 2082 ὁμῶς

723 2126 824 2202 φώνημ’
842 2123 939 2194 ἀκούω,
953 2125 999 2184 ani
1017 2125 1171 2204 respuite
1190 2129 1271 2203 rpperi,

721 2241 905 2321 potaminae
925 2241 1042 2312 etidcirco
1062 2238 1097 2311 eie
1120 2241 1289 2328 Τυρσηνικῆς,

719 2363 764 2426 eol
783 2365 837 2430 nir,
857 2395 899 2412 -
919 2365 1029 2438 ἐπέγνως
1048 2350 1079 2420 εὖ
1096 2361 1124 2438 μ’
1144 2362 1186 2422 dn’
1211 2359 1288 2440 dodel
1308 2363 1422 2438 dorpanei

720 2481 800 2556 βάσιν
819 2475 963 2559 ππκλοῧπζ
983 2483 1076 2540 A’drm
1095 2482 1131 2556 τῷ
1151 2478 1316 2559 σππεπφόρῳ.

402 2601 466 2668 lan
486 2596 537 2660 «dv
556 2591 676 2668 ὅππως
696 2589 726 2676 ᾖς
747 2603 777 2664 er
796 2599 841 2658 aar
860 2602 907 2658 rm
927 2597 1042 2678 optime
1062 2596 1122 2660 sihi
1142 2595 1346 2678 respondente
1367 2597 1460 2665 simul
1480 2597 1675 2679 intelligitur,
1702 2597 1799 2662 oham
1828 2597 1995 2674 minervam

276 2737 346 2790 esse
366 2718 458 2788 Ulixi.
500 2715 687 2794 tocahulon
710 2713 830 2786 ἄποπτος
849 2729 920 2780 enm
941 2713 1093 2795 significat
1115 2715 1168 2794 qul
1188 2715 1286 2780 oculis
1307 2719 1451 2784 remotas.
1463 2721 1519 2782 cst
1554 2712 1639 2790 “opor
1659 2715 1693 2780 in
1714 2711 1783 2789 ὁμῶς
1802 2717 1924 2784 mutari.

427 2865 547 2964 Soph.
575 2865 633 2941 lli.
660 2889 697 2945 v.
722 2867 810 2943 826.
837 2891 922 2966 sqq.

741 3021 801 3078 liet
819 3042 890 3094 σφας
908 3015 1004 3088 κακοὺς
1023 3019 1134 3078 κάκιστα
1150 3018 1199 3106 παὶ
1217 3021 1404 3097 πανωλέθρους

743 3137 942 3216 ξιπαρπᾶσειπν,
962 3137 1049 3216 ὥσπερ
1065 3133 1183 3218 cinaede
1203 3139 1246 3212 ipra*

743 3253 900 3334 αὐτοσφαγῆ
921 3259 1057 3324 πίπτοντα,
1075 3253 1123 3326 τώς
1143 3251 1321 3332 αὖτοσφαγεῖς

743 3369 809 3453 πρός
828 3377 879 3434 τῶν
898 3379 1020 3448 patimur
1039 3371 1150 3452 ἐκγόνων
1170 3369 1283 3433 diodoro.

283 3469 288 3476 ’
371 3480 407 3495 ”’
469 3489 607 3564 Quetuor
626 3472 753 3575 uersus,
792 3509 871 3574 quos
905 3507 999 3574 supra
1033 3491 1196 3576 descripsi,
1229 3485 1400 3558 Wunderus
1433 3474 1557 3556 auctore
1588 3489 1789 3574 Wesselingio
1821 3495 1996 3574 nuperrime

282 3610 386 3692 eiecit,
415 3607 572 3688 genuinos·
590 3621 658 3672 eum
678 3604 1031 3694 alii,'lom'Loheclrios
1058 3615 1089 3676 et
1108 3607 1300 3676 dermannus
1329 3615 1528 3692 putaverunt,
1562 3615 1592 3673 et
1621 3609 1675 3692 qui
1703 3610 1885 3695 nouissime,
1913 3611 1996 3694 qood

281 3730 393 3810 seiam,
414 3723 453 3790 de
474 3725 515 3790 iis
535 3725 666 3809 scripsit,
687 3727 914 3795 Stallhanmins.
956 3727 1015 3806 Qui
1037 3727 1160 3811 quidem
1184 3729 1345 3810 eleganter,
1365 3733 1401 3792 ut
1421 3727 1508 3812 solet,
1530 3725 1679 3812 docteque
1689 3733 1795 3794 contra
1809 3727 1995 3798 Wunderum
2075 3795 2083 3816 ‚

283 3829 459 3928 disputarit,
480 3842 535 3908 sod
557 3849 659 3909 tomen
680 3845 732 3930 itu,
752 3851 788 3912 ut
808 3847 869 3912 rim
891 3853 1147 3932 argumentorum,
1169 3845 1281 3928 quihus
1301 3845 1355 3912 ille
1375 3846 1557 3912 sententium
1578 3861 1665 3924 suum
1695 3847 1828 3930 ornarit,
1852 3863 1916 3913 non
1937 3865 1996 3930 pe-
2064 3911 2066 3914 .

283 3968 368 4032 nitus
390 3961 526 4028 sensisse
544 3959 689 4027 videatur.
731 3964 805 4030 Nam
827 3964 997 4032 Wunderus
1018 3983 1087 4032 cum
1113 3965 1209 4031 multo
1230 3964 1385 4048 praeclare
1404 3965 1579 4046 scripserit,
1601 3969 1664 4030 tum
1692 3963 1753 4030 hoc
1780 3963 1850 4030 loco
1877 3965 1997 4033 ridetur

284 4081 445 4148 ostendere
464 4081 599 4150 voluisse
620 4081 694 4162 quid
715 4085 831 4166 ingenii
853 4088 993 4154 acumine
1012 4092 1044 4151 et
1064 4085 1204 4152 doctrina
1225 4079 1342 4148 elicere
1363 4089 1474 4164 posset
1517 4081 1573 4148 Cui
1593 4081 1792 4164 hooprinom
1810 4083 1995 4168 adversetur,

284 4203 367 4284 quod
388 4217 479 4283 aegre
507 4200 563 4265 tili
585 4201 784 4286 persuadeas,
812 4204 1060 4288 imprecationem
1092 4204 1176 4270 illem
1205 4208 1235 4267 ct
1266 4203 1436 4268 futurorum
1464 4217 1590 4268 casuum
1618 4199 1872 4286 praedictionem,
1907 4206 1995 4270 ouius

284 4322 396 4385 eximia
418 4327 446 4384 et
467 4319 559 4399 plene
581 4317 684 4385 divina
702 4322 749 4386 vis
770 4325 823 4405 est,
845 4340 864 4386 a
883 4322 1080 4403 grammatico
1101 4321 1205 4403 aliquo
1226 4322 1345 4404 potins,
1372 4335 1463 4404 quam
1486 4320 1524 4386 ah
1552 4317 1704 4399 Sophocle
1731 4321 1896 4399 protectam
1919 4339 1994 4386 esse.

284 4439 385 4504 Nihilo
407 4439 508 4502 minus
530 4437 662 4519 ponderi
680 4445 936 4525 argumentorum,
957 4457 1026 4506 cum
1047 4443 1101 4505 aut
1120 4443 1230 4506 cuncta
1250 4439 1362 4508 idonea
1384 4445 1486 4524 erunt,
1519 4443 1571 4504 ant
1591 4453 1686 4502 onom
1708 4435 1867 4522 duntaxat,
1896 4457 1996 4522 quen-

286 4575 377 4640 quam
400 4557 488 4621 inviti
510 4555 616 4621 cedere
638 4564 667 4622 et
689 4547 862 4640 oohtempto
884 4559 1035 4641 Sophocle
1057 4559 1161 4624 nescio
1183 4575 1273 4644 quem
1302 4545 1542 4658 grammaticum
1560 4553 1702 4620 leudibus
1729 4557 1873 4623 extollere
1901 4557 1996 4622 dehe-

286 4679 400 4742 hinrus.
443 4675 571 4754 singula
592 4677 686 4758 igitur
707 4695 742 4741 ea
770 4677 824 4742 sed
852 4677 982 4742 brevitor
1011 4677 1199 4758 strictimque
1227 4675 1417 4741 examinabo.
1459 4675 1648 4740 scholiastae
1676 4673 1750 4740 tides
1770 4709 1812 4760 ··.
1836 4693 1906 4741 narn
1928 4679 1995 4742 eius

284 4797 431 4860 auxilium
454 4795 584 4876 primum
606 4791 831 4860 advocatur'-
853 4811 916 4860 non
938 4795 1037 4860 solom
1060 4793 1202 4878 ambigua
1226 4799 1272 4859 est
1292 4809 1338 4877 eo,
1360 4792 1442 4875 quod
1464 4809 1526 4876 qno
1546 4793 1638 4859 verbu
1652 4795 1718 4859 eius
1734 4795 1905 4878 pertineant
1925 4813 1994 4860 oer-

284 4923 343 4984 tarl
364 4915 442 4998 licet,
464 4911 518 4977 sed
540 4913 689 4998 frangitur
709 4915 799 4980 etiarn
821 4905 950 5000 scidae,
971 4913 1136 4999 Eustothii,
1158 4913 1297 4982 codicum
1319 4914 1511 4996 auctoritate,
1532 4915 1708 4996 praesertim
1726 4927 1794 4979 eum
1814 4913 1866 4996 qui
1882 4914 1992 4981 iactum
