4520 5896
1030 728 1486 796 ww„-

875 922 1003 989 JUSTO
1028 924 1262 990 GUILIELMO
1288 923 1477 989 MARTINO
1503 925 1633 991 RADIO

560 1028 716 1084 medicinae
734 1025 840 1082 doemri
858 1025 933 1080 etin
953 1025 1007 1078 hae
1025 1025 1211 1081 universitate
1229 1025 1377 1098 professori
1395 1026 1507 1096 publico
1523 1027 1663 1083 ordinario
1682 1027 1743 1100 regi
1758 1027 1895 1084 Saxoniae
1920 1029 1949 1082 in

897 1109 981 1165 rebus
999 1109 1214 1165 medicinalibus
1233 1127 1248 1165 e
1267 1112 1381 1166 consilio
1399 1113 1538 1167 sanctiore
1556 1119 1610 1169 ete.

958 1263 1123 1330 CAROLO
1147 1264 1352 1332 MAURITIO
1377 1265 1559 1332 FISCHER

595 1367 672 1423 verbi
691 1369 779 1422 divini
797 1369 873 1438 apud
891 1367 1065 1424 Drasdeuses
1083 1366 1208 1420 ministro
1226 1372 1255 1420 et
1272 1367 1390 1422 diacono
1407 1369 1573 1424 secundario
1590 1369 1628 1422 sd
1646 1369 1748 1426 aedem,
1763 1369 1801 1424 St.
1822 1369 1917 1424 Crucis

963 1577 967 1596 ,
1033 1477 1225 1586 innuere
1249 1519 1464 1585 ronfflenn

842 1623 994 1680 correctori
1014 1621 1155 1693 gymnasii
1174 1619 1345 1676 Nicolaitani
1365 1623 1518 1692 Lipsiensis
1537 1623 1651 1678 emerite

917 1773 1146 1841 rainaurco
1170 1773 1407 1840 rlsrornno
1431 1755 1610 1842 rnrusn'

673 1879 827 1934 consistorii
847 1878 1054 1950 magnidusslis
1072 1875 1201 1933 Ssxoniei
1220 1876 1379 1932 eonsiliario
1397 1884 1427 1934 et
1444 1875 1642 1934 archidiacono
1660 1875 1829 1934 Vimsriensi

1059 2029 1285 2096 FRIDERICO
1309 2031 1450 2095 GRIMM

597 2135 700 2204 ephoro
719 2133 854 2190 dioecesis
873 2139 901 2189 et
919 2133 1023 2204 pastori
1042 2133 1174 2204 primario
1193 2133 1333 2187 ecelesiae
1351 2133 1648 2188 Markneuirirehensis
1666 2135 1695 2188 in
1712 2133 1840 2189 Variseia
1859 2137 1911 2188 stu

929 2287 1095 2353 CAROLO
1119 2285 1373 2352 LEBERECHT
1397 2287 1581 2352 SCHEIBE

920 2391 1026 2444 cantori
1045 2397 1074 2444 et
1092 2389 1228 2459 magistro
1246 2390 1388 2460 gymnasii
1407 2389 1585 2444 Zittsriensis

813 2543 1137 2608 CHRISTOPHORO
1162 2542 1424 2608 GODOFREDO
1448 2543 1685 2608 HOFFMANN

758 2643 835 2700 verbi
855 2643 943 2698 divini
961 2643 1037 2713 apud
1058 2641 1383 2698 Grossseheibaehenses
1402 2661 1488 2714 prope
1506 2643 1600 2697 Zizarn
1620 2643 1745 2698 ministre

628 2983 745 3038 Honoris
770 2999 857 3039 eausa
882 2984 979 3039 doctor
1001 2981 1195 3053 philesophiae
1218 2989 1246 3038 et
1263 2985 1365 3038 artium
1385 2984 1540 3040 liberalium
1561 2985 1696 3057 magister
1714 2993 1825 3041 creatus
1844 2994 1887 3042 est
1904 2989 1946 3042 vir

553 3070 730 3126 doetissimns
748 3076 777 3125 et
795 3071 914 3126 maxims
932 3069 1101 3125 reverendus

904 3189 1181 3256 'ANDRONICUS
1204 3188 1578 3256 DIMITRAUOPULUS

897 3291 1034 3348 eeclesiae
1052 3290 1180 3348 Graecae
1200 3292 1354 3366 Lipsiensis
1374 3291 1603 3348 archimandrita.

621 3737 781 3807 Sequuntur
805 3737 880 3791 vitae
905 3753 999 3791 eorum
1024 3737 1072 3808 qni
1097 3745 1196 3808 rogatu
1220 3753 1269 3792 suo
1293 3737 1438 3807 explorata
1461 3737 1634 3808 probataque
1659 3739 1798 3810 dignitate
1817 3740 1943 3795 doctores

551 3821 747 3892 philosophiae
766 3829 795 3877 et
813 3823 970 3878 liberalium
989 3824 1091 3876 artium
1112 3823 1239 3894 magistri
1257 3821 1326 3876 sacti
1344 3829 1417 3890 sunt,
1436 3823 1481 3877 vel
1494 3823 1551 3876 suis
1565 3825 1701 3894 cujusque
1714 3824 1758 3879 vel
1768 3828 1836 3882 meis
1851 3825 1942 3881 verbis

550 3915 707 3962 enarratae.
741 3907 820 3973 Quae
839 3926 901 3964 mea
918 3927 974 3964 nou
994 3917 1068 3976 sunt,
1092 3927 1126 3966 ee
1145 3908 1261 3979 virgulis
1280 3909 1378 3977 quales
1396 3909 1425 3962 in
1444 3906 1594 3963 afferendis
1614 3911 1731 3964 aliorum
1749 3911 1895 3965 sententiis
1913 3911 1941 3963 in

550 4011 601 4048 usu
623 4001 689 4048 suut
707 3994 816 4048 inclusi.

622 4145 692 4200 Sunt
711 4155 804 4200 autem
824 4147 866 4200 hi:

617 4265 756 4322 JULIUS
787 4265 982 4322 ECKARDT.
1024 4267 1139 4322 ‘Wurde
1167 4268 1210 4320 als
1240 4263 1316 4319 Sobn
1344 4267 1420 4322 eines
1446 4267 1610 4322 Advokateu
1637 4269 1674 4320 im
1699 4267 1786 4321 dahre
1815 4268 1881 4324 1836
1907 4285 1941 4322 au

553 4352 680 4407 wolmar
700 4354 727 4406 iu
749 4351 870 4406 Livlaud
889 4353 1020 4424 gebersn,
1039 4352 1140 4408 erhislt
1158 4353 1233 4408 seins
1254 4352 1463 4425 Sehnlbiidung
1480 4353 1509 4406 in
1527 4352 1748 4410 verschiedensn
1768 4351 1938 4408 Privassehr-

552 4437 693 4493 anstalten
712 4437 848 4492 Livlands
867 4439 925 4493 und
943 4441 997 4493 auf
1012 4439 1074 4493 dem
1094 4437 1281 4510 Gymnasium
1301 4456 1335 4492 zu
1354 4437 1442 4508 Riga,
1465 4439 1585 4493 studirte
1603 4454 1656 4492 von
1676 4438 1743 4492 1856
1762 4439 1805 4494 bis
1826 4437 1889 4492 1859
1913 4439 1941 4491 iu

551 4521 663 4594 Dorpat
680 4523 890 4592 durisprudenz‚
910 4525 1016 4578 erwarb
1040 4525 1076 4577 im
1097 4525 1199 4579 lierbst
1220 4523 1284 4578 1859
1303 4523 1377 4578 nach
1395 4525 1550 4597 Ableguug
1570 4523 1619 4578 des
1637 4523 1864 4579 Staatsexamens
1884 4523 1940 4578 und

546 4611 714 4682 Absassung
742 4609 818 4665 einer
836 4609 1023 4665 Dissertation
1049 4609 1119 4664 iiber
1141 4609 1187 4664 die
1206 4608 1378 4664 Gesebichte
1402 4611 1450 4664 des
1478 4609 1699 4664 Lividudisehen
1724 4609 1869 4679 Laudtags
1896 4609 1940 4662 die

547 4697 656 4752 Wiirde
675 4697 750 4752 eines
770 4695 947 4751 Candidsten
967 4697 1016 4751 der
1034 4695 1235 4764 Jurisprudenz
1254 4695 1369 4750 (welche
1387 4695 1416 4748 iu
1436 4695 1576 4749 Russiund
1594 4696 1675 4751 einen
1700 4695 1844 4766 gelehrten
1861 4693 1937 4749 Grad

545 4781 709 4848 asismaaht)
732 4784 789 4836 und
815 4781 887 4854 ging
915 4783 989 4836 daun
1015 4799 1063 4835 aur
1085 4779 1271 4853 Fortsetaung
1296 4783 1387 4836 seiner
1405 4779 1523 4836 Studien
1547 4773 1756 4845 uaeh'Berlim
1781 4799 1822 4836 wo
1845 4797 1875 4836 er
1898 4781 1941 4835 als
