4532 5882
1185 553 1239 644 16

421 805 517 864 men,
539 767 878 886 ’apsent-emunt
905 760 1109 861 σιγαλέ-εντ,
1135 758 1357 842 amasti-arr
1383 763 1501 871 (quod
1529 753 1817 872 antiquissimum
1834 769 1904 870 est)
1928 767 2001 843 tale

423 902 512 1008 quid
529 904 665 978 sactum
684 923 760 974 esse
777 895 933 976 videtur.
962 895 1095 999 Neque
1108 883 1396 1002 dtas-rpo·c'v(oiv)
1411 891 1566 997 simplex
1580 917 1657 968 esse
1682 890 1841 986 videtur,
1870 895 1901 967 si
1916 893 2002 968 bre·

420 1032 501 1104 vius
538 1019 676 1135 ἀλέκτορ
716 1047 989 1124 comparamus,
1028 1017 1128 1123 qnod
1163 1020 1210 1093 ab
1244 1011 1387 1102 ἆλέκειν,
1427 1012 1625 1120 ἀλέξασθαι
1657 1014 1914 1092 deducendum
1947 1031 2002 1092 est

421 1157 471 1228 ita
496 1169 539 1228 ut
564 1150 679 1255 gallus
705 1163 747 1222 ut
773 1145 907 1221 animal
932 1169 1078 1250 pugnax
1105 1160 1143 1220 ct
1168 1141 1213 1218 ad
1240 1141 1513 1219 defendendum
1539 1167 1700 1249 pronum
1720 1139 1999 1246 designetur⁷²)r

665 1553 720 1615 nn
743 1549 947 1616 comoros
967 1551 1094 1614 mrsu
1114 1546 1279 1613 srmrss
1300 1549 1355 1612 ΕΤ
1377 1547 1550 1612 surena
1568 1521 1764 1614 msnrris.

573 1737 629 1812 Ac
660 1753 802 1814 tantum
829 1734 979 1839 quidem
1005 1733 1053 1812 de
1080 1732 1343 1838 distinguendis
1376 1735 1569 1837 primitivis
1601 1749 1638 1808 et
1664 1731 1834 1808 derivatis
1865 1729 2003 1806 dicum

342 1899 347 1908 ·
422 1870 479 1939 sit.
536 1859 659 1956 Quam
685 1865 724 1936 in
749 1887 828 1974 rem
853 1887 952 1936 nunc
977 1876 1174 1965 propterea
1201 1862 1467 1963 inquisivimus,
1498 1856 1600 1962 quod
1626 1860 1699 1932 iam
1725 1856 1885 1934 derivata
1911 1859 1938 1930 i.
1967 1879 2000 1932 e.

421 1987 693 2064 denominativa
728 1983 819 2085 (vid.
848 2011 933 2089 pag.
950 1987 1007 2082 2.)
1035 2010 1056 2058 a
1081 1999 1205 2058 nostra
1238 1988 1451 2087 quaestione
1486 1979 1712 2060 excludimus
1747 1998 1784 2056 et
1814 1984 1853 2055 in
1878 1995 2003 2084 poste·

420 2140 503 2186 rum
538 2114 578 2186 in
612 2098 700 2186 solis
738 2112 930 2214 primitivis
960 2109 1198 2184 versabimur.
1260 2108 1305 2184 In
1337 2106 1394 2184 his
1427 2123 1547 2182 autem
1578 2111 1711 2182 summi
1741 2109 1920 2194 momenti
1948 2119 2005 2195 est

422 2239 607 2339 quaestio,
642 2236 775 2340 quibus
807 2231 950 2310 indiciis
981 2229 1085 2308 radix
1111 2260 1130 2308 a
1157 2231 1289 2309 suffixo
1321 2229 1574 2334 distinguatur.
1636 2229 1742 2325 Quae
1772 2233 1893 2334 magni
1918 2253 2004 2304 sane

420 2363 577 2436 ambitus
604 2376 676 2452 est,
711 2362 742 2434 si
772 2355 939 2448 funditus
963 2360 1199 2460 perquiretur
1223 2372 1262 2430 et
1287 2355 1559 2450 enucleabitur3
1595 2359 1759 2432 omnium
1784 2358 1883 2430 enim
1907 2351 2004 2430 radi-

421 2512 503 2560 cum
532 2482 755 2558 Graecarum
786 2484 1042 2558 tractationem
1068 2485 1250 2584 requiret,
1283 2505 1363 2556 rem
1389 2478 1597 2572 difficilem,
1633 2505 1802 2583 quaeque
1828 2504 2005 2572 summam

421 2606 681 2698 eruditionem,
709 2603 836 2680 iudicii
862 2630 1038 2696 acumen,
1073 2604 1312 2681 subtilitatem
1334 2604 1514 2706 postulet.
1568 2603 1706 2680 Verum
1732 2603 1818 2677 huic
1844 2619 1887 2678 ut
1910 2607 2004 2680 vires

384 2748 395 2760 ·
419 2747 562 2808 nostras
592 2753 698 2833 pares
728 2726 948 2820 habeamus,
989 2743 1133 2804 tantum
1164 2717 1285 2820 abest,
1322 2744 1365 2802 ut
1389 2753 1436 2802 ne
1458 2744 1605 2830 tangere
1640 2723 1790 2830 quidem
1815 2725 1917 2802 illam
1940 2751 2003 2802 co·

305 2845 338 2950 '¹
420 2880 563 2930 namur.
619 2850 693 2928 Sed
726 2877 951 2956 quamquam
981 2850 1095 2926 multa
1131 2849 1177 2926 de
1203 2850 1343 2941 suffixis
1369 2849 1481 2930 dubia
1507 2853 1725 2946 manebunt,
1762 2849 1883 2926 donec
1902 2848 2004 2926 radi·

420 3003 495 3071 ces,
525 3002 680 3080 quarum
706 2979 833 3077 ingens
858 2973 1058 3050 multitudo
1075 2977 1136 3050 vix
1152 2979 1299 3068 tractari
1316 2991 1449 3079 coepta
1465 2991 1534 3068 est,
1563 2981 1763 3052 accuratius
1781 3001 2004 3080 cognoscen-

419 3119 498 3194 tur,
531 3117 654 3176 tamen
684 3126 808 3174 rursus
839 3099 904 3174 bas
936 3096 1183 3176 consideranti
1214 3099 1430 3190 suffixorum
1456 3104 1666 3202 cognitione
1692 3127 1786 3204 opus
1812 3116 1879 3176 est.
1932 3100 2006 3176 Ita·

421 3250 494 3336 que
522 3251 637 3327 quum
661 3223 754 3298 hacc
779 3218 898 3296 studia
923 3223 1081 3296 invicem
1106 3246 1145 3296 sc
1167 3225 1381 3324 ‚excipiantg
1402 3249 1518 3326 pauca
1545 3221 1591 3298 de
1616 3217 1693 3299 illo
1710 3222 1842 3319 radicis
1868 3240 1906 3298 et
1930 3223 2006 3298 suf·

418 3349 483 3424 fixi
509 3346 731 3437 discrimine,
762 3370 857 3448 quae
884 3370 929 3418 ex
945 3343 1161 3419 suffixorum
1178 3342 1301 3419 studio
1321 3345 1444 3449 colligi
1461 3372 1570 3450 posse
1586 3345 1770 3440 videntur,
1799 3345 1860 3422 hio
1877 3332 2005 3422 aduin-

379 3561 381 3568 .
418 3473 552 3547 brabo.
600 3469 978 3570 Quantulumcunquc
1005 3453 1104 3542 enim
1131 3465 1178 3560 ds
1203 3467 1388 3546 radicibus
1415 3487 1570 3565 constat,
1599 3471 1771 3546 bociam
1785 3457 1885 3549 nunc
1902 3489 2003 3550 certo

420 3593 596 3672 contendi
620 3609 765 3697 potest,
803 3595 843 3666 in
877 3589 1095 3695 quibusdam
1129 3582 2005 3674 nominibus·imer'1·adicemetsuffixumali-

421 3718 512 3824 quid
538 3721 770 3796 intcricctum
796 3739 888 3808 esse,
918 3713 1019 3820 quod
1046 3741 1167 3820 neque
1194 3716 1301 3812 huic,
1336 3745 1459 3823 neque
1484 3720 1541 3796 illi
1565 3737 1665 3796 recte
1690 3719 1848 3798 adscribi
1871 3727 2012 3827 possit.

418 3847 478 3922 Eo
504 3842 618 3920 modo
645 3859 683 3918 et
706 3840 852 3918 vocales
877 3843 1163 3944 interponuntur
1189 3859 1227 3918 et
1251 3869 1449 3920 consonae.
1493 3843 1553 3920 De
1579 3845 1768 3922 vocalibus
1792 3863 1914 3922 autem
1940 3871 2004 3923 co·

419 3966 577 4072 pulsandi
596 3970 718 4071 'gratia
749 3967 991 4069 interpositis,
1034 3965 1152 4070 qualis
1184 3983 1239 4042 est
1263 3995 1280 4042 ε
1304 3972 1344 4044 in
1369 3959 1559 4078 εὔρ-ε-σι-ς,
1592 3963 1805 4078 ‹ipsc-iuno,
1837 3967 2003 4062 μελ-ἐ-τη,
2076 4045 2083 4065 ,

421 4085 625 4201 pte-caps
642 4119 743 4168 nuno
758 4090 903 4169 tacebo.
944 4087 1078 4194 Neque
1105 4085 1511 4197 blitteram„aliasque
1537 4095 1715 4187 tractabo,
1746 4119 1854 4196 quae,
1882 4111 1925 4172 ut
1949 4100 2002 4174 vi·

419 4215 541 4293 dimus
555 4215 618 4314 7³),
647 4213 832 4299 interdum
858 4241 941 4290 cum
966 4211 1089 4308 radice
1115 4215 1245 4292 suffixa
1272 4217 1460 4320 copulant.
1508 4215 1582 4294 Sed
1609 4217 1779 4294 omnibus
1796 4219 1853 4294 his
1870 4223 1909 4296 in
1926 4248 2003 4298 me-

421 4340 484 4419 dio
515 4340 670 4433 relictis,
707 4343 932 4427 montionem
964 4340 1120 4416 inieram
1146 4366 1171 4416 o
1196 4357 1234 4418 ct
1259 4337 1292 4412 θ
1321 4341 1545 4434 litterarum,
1581 4367 1778 4445 quaemon
1804 4346 2003 4451 copulandi

444 4735 448 4742 ,
476 4669 518 4751 ⁷¹)
560 4671 595 4732 ab
616 4661 764 4758 siquenm-s
783 4671 907 4735 Aeolica
932 4693 987 4753 pro
1009 4663 1137 4756 ἆργεινές
1162 4670 1256 4732 forma
1277 4671 1329 4750 (dc
1351 4693 1405 4752 qua
1427 4671 1591 4736 ribbi-ens
1613 4673 1650 4736 de
1672 4673 1700 4736 d.
1721 4673 1759 4738 A.
1779 4699 1809 4759 p.
1820 4677 1886 4756 52.)
1907 4677 2000 4738 arad.

420 4772 479 4860 cipp
499 4799 534 4827 =
555 4765 628 4844 τός’
650 4811 664 4822 -
685 4766 826 4846 rdg'ata
846 4799 882 4828 =
903 4788 1055 4844 argentum
1078 4783 1134 4832 etc.
1155 4771 1214 4832 vid.
1227 4771 1304 4833 Post
1326 4772 1361 4830 Ε.
1382 4773 1462 4850 F.I.,
1482 4797 1511 4856 p.
1523 4773 1593 4836 237.

476 4871 517 4954 ⁷²)
559 4875 606 4934 De
627 4865 792 4935 suffixorum
813 4871 993 4948 abundantia,
1015 4871 1105 4952 qualis
1126 4871 1157 4932 in
1178 4867 1275 4956 lingua
1297 4871 1472 4936 Germanica
1491 4875 1540 4952 ait,
1560 4873 1626 4938 vide
1649 4875 1833 4954 Grimmium,
1853 4877 2001 4942 Deutscbc

421 4975 550 5036 Gratum.
562 4973 612 5050 Il,
633 4995 662 5054 p.
674 4973 724 5034 91.

478 5073 519 5155 ⁷³)
562 5064 726 5153 aqi-tuos
747 5085 814 5150 eto,
834 5071 893 5136 vid.
915 5094 944 5154 p.
956 5069 985 5132 ⁷.
