4532 5882
1054 515 1109 604 33

292 729 317 798 i.
342 750 376 799 e.
404 725 590 826 etp-saror,
616 730 775 830 ineque
801 730 878 800 iens
901 716 1066 830 g'aras,
1091 726 1354 836 plerorumque
1377 719 1502 842 g'ord¹
1522 729 1693 809 vocabuli
1719 757 1867 808 casuum
1993 795 1996 802 ,

290 847 432 940 thema,
463 848 565 953 quod
592 848 737 948 Graeco
763 851 866 959 γῆρας
890 848 1091 955 respondet
1105 850 1181 952 ¹³³),
1219 851 1349 945 Ceres,
1383 852 1426 926 V
1420 880 1508 929 enus
1534 854 1653 956 (quod
1679 854 1866 959 Benaryus

289 975 386 1048 bene
411 1000 495 1050 cum
519 971 598 1050 rad.
628 1001 716 1050 van
742 971 947 1050 desiderare
973 978 1189 1078 coniungit).
1231 975 1272 1051 Si
1297 1003 1412 1080 porro
1438 975 1612 1054 adiectiva
1638 984 1677 1056 in
1692 1009 1742 1072 ης,
1772 1005 1865 1081 quo·

288 1124 369 1170 rum
393 1124 511 1201 panca
537 1097 688 1200 quidem
712 1087 891 1202 simplicia
917 1115 1013 1191 sunt,
1044 1099 1158 1175 multa
1183 1117 1308 1176 tamen
1333 1127 1378 1176 ex
1403 1105 1484 1205 ipsa
1511 1101 1632 1178 radice
1661 1103 1865 1180 formantur

288 1200 527 1321 (ταφές333),
558 1214 685 1313 dardis
714 1269 754 1284 -
771 1212 982 1310 illaad-lc,
1013 1215 1117 1311 attic,
1148 1215 1342 1334 περιχαρές)
1358 1222 1440 1323 333),
1474 1226 1719 1329 Latinumque
1751 1243 1866 1312 vetus,

288 1343 390 1448 quod
423 1345 480 1420 his
509 1346 625 1422 simile
652 1371 729 1422 esse
754 1345 920 1440 videtur,
952 1351 1179 1450 respicimus,
1208 1353 1269 1425 vix
1293 1346 1447 1424 dubium
1474 1376 1551 1428 esse
1576 1348 1736 1444 videtur,
1769 1351 1865 1426 hanc

288 1495 439 1570 quoque
464 1473 759 1546 terminationem
783 1497 805 1544 a
829 1476 997 1574 personis
1024 1471 1266 1572 significandis
1284 1477 1492 1579 vincepisse3
1526 1491 1654 1578 postea
1685 1471 1798 1550 modo
1824 1477 1864 1548 in

285 1593 486 1668 masculino
509 1621 644 1698 genere
672 1593 825 1694 (horror,
857 1593 987 1682 decor,
1010 1597 1143 1682 rubor,
1168 1596 1311 1696 albor),
1339 1596 1454 1672 modo
1480 1603 1520 1672 in
1545 1616 1678 1674 neutro
1706 1587 1861 1698 (βλέπος,
1980 1619 1985 1626 ’

286 1708 381 1815 φάος,
410 1711 540 1812 τεῦχος,
563 1713 673 1827 χρέος,
696 1749 834 1828 reparer,
857 1763 897 1780 -
921 1748 1079 1798 monus
1097 1717 1188 1819 (rad.
1203 1713 1492 1820 man),volr'as
1513 1725 1698 1822 (verbum)
1721 1711 1864 1805 avokss

284 1839 425 1936 dicere,
453 1845 586 1918 varas
611 1847 753 1944 (vesus)
786 1871 806 1917 a
831 1872 930 1938 vor,
967 1849 1122 1936 vestire;
1152 1847 1193 1919 in
1218 1847 1404 1922 abstractis
1430 1862 1627 1950 rerumque
1653 1847 1862 1921 nominibus

283 1984 495 2070 usurpatum
524 1984 591 2042 est.

435 2092 648 2167 Transimus
681 2089 727 2166 ad
752 2093 943 2186 suffixum,
981 2095 1083 2198 quod
1115 2100 1199 2172 satis
1231 2091 1356 2200 aperte
1389 2099 1427 2170 in
1459 2097 1628 2170 omnibus
1661 2095 1793 2196 linguis
1824 2097 1864 2166 iu

280 2240 523 2318 personarum
554 2219 766 2290 nominibus
797 2235 1005 2319 occupatur.
1060 2235 1103 2311 tr
1133 2221 1271 2324 syllaba
1299 2223 1397 2294 enim
1430 2236 1467 2294 et
1499 2224 1538 2294 in
1565 2218 1751 2294 Senserito
1786 2242 1860 2291 ser-

281 2365 393 2414 mone
405 2339 626 2441 plerumquc
645 2354 747 2412 actor
771 2337 993 2440 designatur,
1024 2341 1224 2445 eademque
1241 2347 1382 2418 ratione
1402 2371 1460 2449 τηρ
1479 2359 1516 2416 et
1541 2371 1596 2448 τορ
1623 2340 1720 2444 apud
1748 2339 1864 2415 Grae-

281 2487 368 2558 cos,
405 2477 466 2536 tor·
489 2461 587 2566 apud
613 2461 803 2537 Romanos
834 2478 909 2536 tam
937 2464 1086 2567 vulgare
1113 2482 1186 2559 est,
1221 2483 1264 2542 ut
1288 2465 1476 2568 exempla,
1513 2465 1622 2567 quale
1654 2481 1709 2538 est
1743 2462 1863 2552 dots,

281 2577 385 2694 dimp,
412 2583 535 2672 duur,
560 2588 692 2662 afferre
718 2591 778 2663 vix
803 2614 898 2692 opus
923 2593 982 2664 sit.
1025 2591 1149 2692 Atque
1177 2618 1291 2694 quum
1314 2593 1354 2663 in
1379 2590 1504 2691 lingua
1521 2587 1703 2664 Sanscrita
1728 2589 1767 2658 in
1793 2588 1861 2658 eis-

281 2707 365 2785 dem
389 2713 578 2788 vocabulis
604 2728 679 2786 tor
703 2713 778 2786 tor
802 2713 942 2788 formae
967 2714 1150 2790 alternent
1173 2716 1281 2814 (Ace.
1302 2713 1528 2798 ddtdrom,
1551 2712 1645 2787 Loc.
1675 2708 1862 2808 durari),

282 2832 415 2909 Graeci
441 2835 578 2939 duplex
603 2835 773 2911 ruffinum
799 2836 886 2912 inde
910 2839 1091 2931 fecerunt,
1119 2865 1166 2914 ex
1191 2842 1361 2916 breviore
1386 2854 1558 2946 tur-rcp,
1593 2832 1694 2938 quod
1718 2850 1862 2910 tuntum

280 2962 321 3033 in
347 2963 575 3037 nominativo
603 2987 647 3036 ex
672 2961 796 3062 regula
823 2959 1040 3062 producitur
1056 2963 1102 3008 ¹³⁶
1129 2955 1262 3070 (ἰέτωρ,
1287 2964 1402 3038 tham.
1431 2965 1547 3070 ξατορ),
1574 2987 1618 3034 ex
1643 2959 1717 3033 τόν
1742 2975 1862 3032 autem

282 3109 352 3189 τηρ,
372 3081 475 3184 quod
488 3082 635 3182 longam
647 3085 813 3158 vocalem
829 3089 972 3157 serrare
991 3084 1171 3179 solet¹³⁷).
1207 3087 1253 3160 In
1269 3086 1352 3159 solo
1364 3077 1491 3190 μέρτυρ
1509 3115 1528 3157 v
1545 3083 1665 3158 vocab
1681 3085 1738 3158 usi
1755 3098 1859 3174 suut3

278 3205 353 3280 hoo
378 3208 476 3281 enim
501 3203 664 3280 eiusdem
690 3203 812 3278 suffixi
838 3227 911 3305 ope
942 3228 962 3276 a
988 3202 1067 3278 rad.
1095 3231 1185 3296 amr
1211 3203 1469 3279 deducendum
1495 3221 1571 3294 est,
1610 3229 1703 3304 quae
1736 3229 1858 3276 recor·

281 3331 392 3408 dandi
417 3335 608 3407 notionem
633 3328 767 3422 babet3
796 3329 812 3400 ὁ
838 3319 961 3436 μέρτυρ
986 3331 1096 3430 igitur
1122 3346 1177 3404 est
1201 3323 1322 3436 μέντωρ
1349 3326 1499 3432 quidam
1523 3323 1617 3426 (rad.
1643 3353 1703 3416 μεν
1717 3369 1731 3384 ·
1747 3353 1860 3415 μι-μν-

280 3483 384 3544 ητκω,
410 3462 613 3552 me-mr‘n-r'),
638 3457 703 3555 qui
727 3452 879 3528 alicuius
901 3456 960 3526 rei
984 3457 1151 3528 meminit
1176 3456 1463 3556 memoriamque
1488 3448 1733 3547 testamr⁴³⁸).
1790 3447 1862 3526 Cui

337 3727 392 3810 ¹³³)
433 3729 494 3791 vid.
515 3729 601 3808 Bopp
623 3725 672 3786 ab.
695 3725 752 3787 eiu.
772 3723 941 3786 Demonstr.
962 3723 1033 3806 p.7.

337 3828 391 3910 ¹³⁴)
433 3831 488 3890 irisi
515 3829 571 3889 boc
594 3827 694 3908 potius
713 3823 830 3906 Boppio
853 3837 982 3901 auctore,
1004 3846 1020 3884 a
1039 3849 1076 3884 ra
1097 3837 1127 3886 et
1146 3825 1331 3904 baddone)
1354 3825 1554 3887 deducendam
1576 3836 1638 3898 est3
1655 3823 1714 3887 rid.
1737 3824 1797 3886 eius
1817 3823 1855 3884 li-

281 3929 388 3992 bellum
408 3931 457 3992 uh.
479 3931 507 3990 d.
529 3928 616 3989 Einll.
639 3928 667 3988 d
688 3928 779 3988 Pron
797 3947 825 3986 a.
847 3926 876 3986 d.
896 3923 1116 4010 Worthildung
1135 3948 1165 4008 p.
1177 3907 1229 3986 lo'

334 4029 389 4112 ί33)
432 4029 571 4093 Ceterum
596 4029 734 4112 pleraque
760 4049 776 4089 a
796 4026 977 4089 substantivis
998 4027 1146 4104 oriuntur,
1173 4027 1255 4088 rabat
1273 4020 1410 4100 δοςμτιοέο
1430 4047 1447 4088 r
1467 4019 1556 4104 μέρος,
1575 4016 1785 4100 Μεγασθένης,
1813 4025 1859 4084 rui

279 4133 315 4192 ad
336 4133 575 4216 significationem
594 4131 659 4192 lem
680 4129 840 4212 respondet
859 4129 1036 4190 Senseritum
1058 4134 1245 4201 utrumdugds
1263 4127 1301 4189 ab
1322 4121 1416 4201 oe'ar
1435 4129 1522 4213 rigor
1536 4157 1576 4174 -··
1591 4128 1742 4206 (οιςτοιτιο1
1756 4123 1856 4196 rigore

282 4233 453 4313 praeditus).
1229 4261 1233 4270 ’
1295 4233 1299 4240 ’
1322 4231 1325 4238 “

337 4327 393 4409 ¹³⁶)
433 4332 576 4396 unul
595 4354 626 4414 p.
638 4333 715 4394 163.¹

336 4431 392 4513 ¹³⁷)
433 4434 482 4496 vel
500 4435 532 4494 in
550 4434 657 4518 linguis
671 4431 792 4494 Celticis
812 4431 870 4492 boe
885 4431 1013 4492 suffixum
1027 4442 1157 4492 servabar
1176 4431 1301 4510 (accim
1321 4423 1858 4506 g'nnr'rar-geniror-genrecr'r)

283 4537 320 4597 cs.
340 4537 438 4616 Bopp,
460 4535 506 4594 die
529 4532 696 4596 Celtischen
717 4532 866 4616 Spracban
888 4545 943 4592 etc.
965 4554 994 4612 p.
1006 4529 1036 4590 7.

339 4633 393 4715 ¹³⁸)
435 4633 483 4694 Aa
511 4635 630 4695 eandem
655 4659 732 4712 τωρ
756 4633 884 4696 radicem
912 4631 1059 4714 pertinere
1085 4632 1201 4692 ridemr
1226 4624 1378 4716 μέριμνα
1405 4651 1473 4692 cura
1500 4643 1530 4691 et
1555 4621 1751 4714 μέρ-μηρα,
1777 4627 1855 4710 quod

284 4739 402 4800 eandem
423 4733 662 4818 significationem
682 4735 783 4808 habet3
804 4727 922 4820 μέρμερα
942 4725 1013 4819 έργα
1035 4732 1109 4812 apud
1124 4732 1286 4793 Homerum
1307 4746 1447 4794 vocantur
1461 4729 1579 4814 grandia
1593 4729 1666 4790 facta
1681 4731 1768 4809 (lta,
1783 4729 1859 4808 48.),

282 4859 353 4916 quae
375 4832 632 4898 memorabilia
652 4849 772 4896 sunt-
790 4837 885 4916 itaque
908 4853 1076 4916 quarnquam
1097 4834 1183 4914 paulo
1202 4833 1289 4893 aliter
1311 4835 1395 4894 etiarn
1417 4831 1591 4914 significatio
1611 4854 1642 4893 se
1664 4831 1798 4907 inclinat,
1819 4831 1859 4890 ita

281 4949 313 4997 ut
333 4930 482 5022 μέρμερα
503 4927 574 5020 έργοι
595 4933 652 4993 sint
671 4935 745 4996 facta
765 4937 919 5018 stupenda,
947 4949 1042 4997 tamen
1069 4933 1117 4995 bic
1144 4933 1316 5018 significatus
1345 4933 1480 4993 facillime
1502 4953 1538 4993 ex
1560 4933 1613 4994 illo
1636 4933 1708 4994 oriri
1730 4942 1857 5012 poterat;

283 5038 326 5098 sin
341 5038 377 5098 de
391 5037 524 5118 personis
537 5046 698 5116 usurpatur,
717 5028 846 5123 μέρμερος
867 5051 910 5100 ast
930 5055 1072 5113 morosus,
1093 5035 1173 5117 quod
1192 5055 1301 5096 nomen
1321 5035 1350 5096 ei
1369 5031 1535 5116 tribuimus,
1556 5035 1607 5114 qui
1624 5033 1687 5118 plus
1703 5034 1776 5093 iusto
1792 5052 1856 5092 oru-

1409 5200 1411 5206 .
1528 5137 1551 5210 5
