4444 5866
1018 413 1084 494 40

960 504 1144 521 *nna*

187 621 232 684 sit
257 629 294 686 ιιι
311 637 417 689 enims
438 621 485 689 illi
504 621 542 686 in
561 621 772 702 suspicionem
796 601 1135 703 otta-adducerentur,
1165 619 1253 686 nuda
1286 619 1421 717 negatio.
1440 616 1625 683 demonstran
1654 611 1753 690 queat
1797 605 1915 704 hilari

185 740 336 806 Wunderi
356 745 544 825 mgnmopto,
563 738 650 822 quod
665 754 711 806 ao·
723 740 906 820 metiretur,
927 743 967 805 nt.
983 737 1072 820 dicat
1094 754 1159 822 uon
1178 739 1315 818 potuisse
1335 738 1451 804 Ulixem
1473 733 1595 803 sheaao
1607 717 1782 807 ¹inarmati,
1810 721 1889 815 nihil

185 865 244 938 ost,
269 857 353 938 quod
370 859 437 922 iure
459 863 640 938 opponatur.
668 856 787 938 'Neque
810 856 931 945 lantiunt
954 857 1051 927 retolli
1072 857 1193 940 poterit,
1215 872 1276 941 quo
1297 862 1378 942 recto
1397 851 1549 938 poscitur,
1576 843 1681 924 siquid
1702 839 1801 926 poetis
1822 849 1888 906 tra-

182 977 273 1055 gicis
287 975 491 1056 praedicetur,
512 981 546 1040 ut
567 974 598 1038 id
620 991 665 1043 ne
678 988 793 1040 marn
815 974 993 1060 indumque
1007 975 1063 1056 sit,
1087 973 1184 1059 quod,
1207 976 1234 1040 si
1257 991 1363 1042 uersus
1383 974 1428 1038 illi
1458 964 1800 1054 qupqpprratineantur‚
1828 959 1891 1046 ⁵⁰&

182 1093 327 1172 phocium
350 1095 465 1160 tacere.
492 1095 615 1160 ‚verum
636 1092 791 1158 enimuero
816 1089 899 1172 qnod
921 1091 1091 1159 Wunderus
1115 1094 1158 1160 ait
1179 1108 1307 1158 vacnum
1329 1094 1509 1158 diaconae
1534 1082 1886 1148 tehembssiottcuibmtt-

182 1219 262 1296 turn,
284 1211 315 1276 id
337 1211 420 1294 quud
441 1209 612 1277 dodoircdo
634 1211 818 1291 Hermanno,
841 1191 1066 1290 philologorurn
1088 1213 1229 1294 principi,
1251 1209 1397 1276 creditum
1410 1198 1628 1274 ast-'dindimi
1646 1217 1681 1263 δι
1696 1215 1886 1282 iifliifflib

181 1331 217 1392 in
245 1345 431 1410 enprorsus
454 1345 502 1422 ma
523 1329 739 1396 assentientem
761 1327 871 1407 habet,
901 1330 954 1410 qui
981 1330 1009 1394 si
1031 1329 1133 1412 alium,
1147 1309 1365 1412 hiacemmihi
1393 1329 1499 1404 baim,
1521 1325 1614 1398 iiiam
1637 1318 1769 1384 fibulim
1797 1317 1884 1400 alisi

180 1447 341 1515 labantem
363 1454 454 1528 atque
476 1454 667 1515 carmentem
690 1447 767 1515 mihi
788 1444 890 1515 uidere
912 1445 1023 1514 videor.
1036 1507 1049 1525 ,,
1062 1447 1224 1532 Ιιιιιιιιιιιῃ
1250 1443 1458 1539 apgppntum,
1487 1435 1569 1518 quod
1596 1435 1635 1500 ad
1664 1452 1767 1517 rocem
1796 1435 1884 1494 πανώ-

179 1572 283 1643 ιεαρος
315 1567 462 1648 pertinet,
492 1582 556 1630 non
586 1568 661 1630 satis
689 1561 766 1628 illud
793 1562 831 1628 ab
864 1564 1064 1634 stehbaumio
1092 1561 1324 1632 tornotrensi,
1355 1559 1389 1619 ut
1420 1557 1473 1638 qui
1496 1555 1631 1636 exemplo
1656 1572 1719 1625 non
1741 1553 1882 1618 attulerit.

182 1683 334 1759 Quintum
356 1689 462 1748 contra
484 1683 609 1748 verbnm
630 1681 800 1760 εααρπάιαν
818 1689 949 1766 pugnat,
972 1682 1053 1764 quod
1075 1699 1139 1753 pop
1154 1678 1303 1756 ,surpctur
1325 1674 1388 1736 nisi
1409 1672 1595 1753 corripiendi
1617 1677 1773 1753 potestate.
1805 1671 1883 1734 Huic

180 1805 379 1882 argumenta,
408 1801 480 1881 quia
512 1801 591 1864 nihil
620 1799 720 1864 obstat
742 1816 804 1880 qno
826 1801 928 1864 minus
959 1801 1110 1877 seraphiae
1126 1807 1225 1862 snam,
1246 1792 1269 1854 i.
1289 1807 1316 1853 a
1339 1789 1524 1872 corripiendi
1546 1795 1724 1871 potestatem
1745 1790 1881 1869 retincat,

178 1917 267 1984 haud
300 1919 428 1984 multum
460 1917 626 1983 tribuerim.
687 1917 811 1980 Samum
845 1934 864 1981 a
895 1933 969 1982 voce
995 1906 1145 1982 attacoris
1181 1909 1339 1990 repetitum
1381 1914 1448 1988 esi,
1492 1925 1583 1990 quam
1613 1909 1664 1972 hic
1694 1905 1815 1990 quidem
1848 1909 1882 1971 in

179 2037 335 2102 diversam
357 2037 610 2118 significationem
633 2035 712 2099 trahi
741 2035 923 2116 nequivisse.
983 2037 1018 2104 Ne
1034 2027 1093 2113 hoc
1119 2027 1241 2110 quidem
1269 2027 1334 2092 scio
1364 2025 1438 2107 quid
1465 2033 1518 2091 aut
1549 2027 1650 2090 uerius
1679 2033 1733 2090 aut
1760 2020 1882 2106 planius

179 2155 243 2221 dici
266 2159 373 2237 possit
430 2158 469 2220 ht
499 2154 537 2219 dc
558 2157 657 2220 torma
688 2160 801 2228 φιιωιοι
830 2153 937 2218 ardore
950 2144 1093 2225 abreptus
1114 2144 1271 2213 contendit
1292 2143 1476 2225 Wunderus,
1499 2161 1577 2226 quae
1597 2145 1648 2208 vir
1668 2147 1745 2208 tueri
1775 2145 1881 2224 possit,

178 2283 209 2337 et
239 2273 461 2338 Stuilhaumius
482 2275 542 2338 iam
571 2272 735 2358 redarguit.
791 2249 1017 2336 aaap'mutatio
1048 2262 1176 2328 subiecti
1205 2269 1259 2328 aut
1280 2262 1391 2344 duplex
1412 2262 1557 2345 apodasis
1579 2279 1634 2327 cur
1654 2264 1747 2326 nimis
1768 2277 1880 2340 urgea-

182 2400 234 2455 tur
257 2409 322 2456 non
345 2391 485 2473 dispicio.
515 2392 628 2456 eontra
649 2391 689 2456 jis
713 2381 964 2461 mrsurrelmgari
984 2397 1047 2444 uon
1062 2380 1172 2459 audac,
1195 2380 1306 2464 quibus
1330 2383 1416 2445 tertia
1444 2397 1575 2462 persona
1601 2378 1794 2456 εααρπάσααν
1822 2381 1879 2442 im·

176 2517 342 2591 pugnatur.
385 2510 491 2590 ltaque
512 2521 549 2574 eo
571 2525 620 2572 ras
641 2507 753 2574 videto
761 2498 892 2564 adducta
914 2515 999 2578 esse,
1028 2505 1061 2562 ut
1089 2499 1149 2562 nisi
1171 2499 1294 2576 leniore
1322 2498 1475 2564 medicina
1508 2505 1720 2576 succurratur,
1758 2499 1880 2562 wesse-

176 2630 279 2710 lingio
302 2635 332 2692 et
351 2627 504 2706 wundpro
532 2627 739 2694 assentiendm
768 2621 816 2684 sit.
868 2616 957 2695 Quod
987 2633 1027 2681 ne
1056 2618 1155 2684 iacere
1184 2634 1294 2699 cogar,
1331 2619 1403 2700 quia
1433 2618 1574 2700 religioni
1603 2617 1680 2682 duco
1709 2615 1878 2698 Sophoclis,

178 2753 294 2826 poetae
314 2747 580 2828 praestantissimi,
603 2745 726 2832 laumas
748 2735 914 2818 quidquam
937 2734 1109 2818 detrahere,
1140 2753 1317 2817 germanum
1347 2735 1468 2818 quidem
1497 2736 1549 2800 scd
1577 2739 1749 2816 corruptum
1776 2737 1876 2800 lacum

175 2873 292 2943 putans
315 2867 357 2927 ita
382 2866 573 2946 scripserim·

605 3008 662 3063 itai
684 3011 753 3077 σφᾶς
774 3002 869 3070 canoas
890 3005 1010 3084 κάκιστα,
1032 3004 1077 3059 καὶ
1097 3006 1283 3078 πανωλέθρως

602 3123 802 3201 derogationem,
823 3119 857 3180 ‘iu’
878 3122 964 3196 ὥσπερ
985 3123 1103 3196 ricopcic’
1124 3119 1166 3191 ἔμε·

604 3237 764 3316 αὐτοσφαγῆ
783 3245 920 3304 πίπτοντα,
941 3232 990 3304 rma
1011 3233 1087 3296 αὐτοὶ
1107 3242 1224 3312 σφαγαῖς

604 3357 670 3433 πρὸς
691 3356 742 3416 ιιῖἶν
762 3362 884 3429 qut'ototo
905 3353 1016 3432 ἐκγόνων
1035 3359 1059 3412 τ’
1081 3351 1193 3417 odelone.

15 3572 20 3581 ,
306 3515 382 3582 noae
410 3513 526 3572 innato
558 3514 685 3572 accentu
712 3498 844 3590 scripsi,
893 3485 974 3590 quia
996 3505 1138 3584 Atridae,
1188 3507 1319 3578 manime
1351 3507 1537 3588 Agamemno
1567 3509 1670 3586 (κακοὶ)
1710 3515 1739 3572 ct
1771 3507 1874 3572 Ulixes

15 3673 25 3789 i,
154 3637 205 3698 (ιω
207 3627 352 3706 daege)
385 3621 623 3708 distinguuntur.
666 3626 690 3689 li
712 3633 746 3688 ut
766 3627 887 3690 lacilins
912 3625 1157 3706 distinguantur,
1187 3626 1306 3706 egregie
1333 3623 1493 3724 vorborum
1517 3623 1591 3696 ardo
1630 3624 1727 3696 allicit
1777 3623 1872 3700 Quem

156 3748 279 3810 intenso
307 3751 398 3826 atque
419 3741 605 3826 implacabili
628 3743 698 3806 adia
721 3746 921 3828 persequitur,
946 3745 1080 3826 illinere,
1112 3759 1180 3806 enm
1205 3745 1279 3806 aiax
1302 3717 1441 3824 mariam
1470 3749 1499 3806 at
1526 3741 1715 3814 iracundiam
1744 3745 1872 3827 spiranti

155 3863 303 3927 uocabulo
326 3862 477 3944 appellat,
509 3861 625 3924 leniore
646 3861 738 3940 paulo
766 3864 1022 3942 agamemnonem
1052 3869 1082 3925 et
1109 3862 1286 3926 hlenelaum.
1329 3862 1478 3926 Pluralem
1501 3877 1660 3926 numerum
1688 3866 1873 3938 πανωλέθρους

155 3983 251 4046 nolim
280 3985 313 4045 iu
344 3982 530 4064 singularem
559 3980 732 4059 πανώλεθρον
760 3988 885 4044 mutare.
927 3982 1004 4044 Dein
1035 3982 1154 4044 restitui
1182 3980 1265 4058 uerbi
1286 3979 1451 4052 secundam
1473 3995 1636 4060 porsonam
1658 3985 1687 4043 et
1708 3961 1787 4043 idem
1813 3979 1872 4043 du-

155 4101 263 4179 plicem
285 4097 436 4180 epodosin
458 4099 587 4179 removi,
608 4113 700 4178 quae
719 4097 872 4162 Wundero
895 4100 984 4164 etiam
1015 4099 1111 4180 magis
1142 4115 1232 4179 qoam
1261 4099 1398 4163 mihimet
1425 4099 1486 4180 ipsi
1516 4097 1678 4181 displicuit.
1743 4097 1869 4162 Verbum

154 4215 273 4294 εισορῶω
294 4215 464 4282 adhtridas
486 4217 592 4298 relero,
615 4217 687 4297 quia
709 4233 772 4278 uon
794 4203 931 4298 intelligo
952 4233 1006 4281 cur
1027 4215 1087 4280 dici
1099 4219 1121 4280 ιι
1143 4233 1206 4281 non
1224 4219 1352 4297 possint·
1366 4218 1485 4282 hiacem
1504 4233 1561 4281 sua
1580 4217 1678 4297 ipsius
1700 4229 1792 4280 manu
1814 4233 1869 4280 oc-

153 4336 345 4400 cumbentem
368 4332 478 4399 ridere.
518 4331 666 4398 'Ceterum
689 4330 818 4414 sinopae,
840 4334 867 4396 si
890 4336 959 4414 quis
982 4337 1014 4398 in
1037 4349 1073 4397 ea
1095 4335 1287 4418 acquiescere
1308 4335 1418 4417 nollet,
1447 4335 1535 4399 iaeile
1561 4337 1595 4398 in
1615 4333 1728 4410 rhopar’
1757 4335 1868 4424 ιιιιιιιιι

155 4459 264 4530 posset.
307 4451 331 4515 ll
354 4452 521 4514 mutatione
541 4451 669 4515 subiecti
691 4451 794 4514 nullae
816 4451 948 4531 amplius
969 4453 1135 4531 augustiae.
1178 4451 1360 4530 Αὐτοσφαγεῖς
1381 4454 1441 4516 nisi
1464 4453 1607 4516 licuisset·
1621 4453 1663 4516 ita
1685 4457 1809 4533 mutare,
1833 4461 1866 4516 ιιι

155 4585 211 4633 neo
232 4569 350 4651 legibus
372 4569 447 4632 artis
468 4567 637 4632 rhetoricae
659 4568 865 4651 abrogaretur,
891 4575 920 4632 et
940 4571 1091 4633 sententia
1113 4573 1180 4652 ipsa
1202 4577 1302 4652 staret,
1324 4587 1379 4651 per
1398 4586 1432 4634 sc
1454 4571 1529 4634 satis
1556 4569 1781 4652 impedivisset,
1803 4585 1864 4652 quo

153 4687 254 4752 miuus
274 4687 411 4769 germani
433 4691 463 4749 ct
484 4683 522 4748 ab
544 4687 695 4766 Sophocle
715 4689 843 4768 protecti
864 4703 970 4751 uersus
983 4695 1113 4769 quatuor
1134 4689 1386 4754 existimarentur.
1429 4688 1541 4754 Ultima
1562 4704 1625 4751 non
1646 4693 1726 4752 recte
1748 4689 1865 4778 inlelli-

152 4810 268 4890 gentur,
289 4807 350 4870 nisi
372 4803 493 4886 rideris,
515 4809 548 4868 ut
568 4806 689 4888 singula
711 4809 772 4871 iere
793 4807 883 4872 acrba
908 4825 970 4871 nou
994 4807 1193 4872 obscurentur
1215 4808 1413 4888 negligenter,
1435 4804 1488 4869 scd
1501 4808 1707 4887 exprimantur
1723 4814 1862 4871 accurate

153 4930 180 4985 ct
201 4923 348 4989 distincte.
371 4923 459 5000 Quod
482 4925 508 4986 si
532 4924 647 5006 leceris,
668 4931 790 5010 senties,
813 4935 847 4990 ut
867 4943 966 5008 spero,
989 4941 1079 5008 quam
1101 4931 1172 5006 apte
1186 4926 1260 4989 hier
1282 4941 1369 4988 suam
1391 4930 1527 5008 moriani,
1548 4927 1663 4990 tristem
1684 4925 1766 4990 illam
1789 4928 1861 5007 qui-

1556 5039 1574 5103 'i
