4520 5896
1096 213 1147 264 Vll

162 418 256 507 sim,
287 441 409 514 pauca
432 420 606 516 exempla
632 419 837 497 sufficient:
873 417 1018 500 aiae-ee
1043 433 1084 494 et
1107 421 1317 502 ὀλί-κ-οντο
1340 422 1615 506 euremari-cnr
1642 434 1678 496 et
1703 418 1938 524 ima-aa,
1965 427 2073 532 ini-u

162 583 205 644 et
235 561 369 669 &gria-u.
407 561 541 660 Neque
568 563 614 638 ad
642 589 816 662 graecum
844 578 990 642 tantum
1018 591 1231 642 sermonem
1258 565 1330 638 hoo
1357 567 1533 664 pertinet,
1559 569 1624 642 sed
1651 569 1750 644 idem
1775 569 2072 646 additamentum

160 707 204 782 in
234 709 393 804 reliquis
419 711 657 808 conspicitur.
710 709 834 799 Quare
862 737 948 784 cum
974 710 1073 814 apud
1100 710 1283 784 Lituanos
1308 723 1431 786 exstet
1457 714 1615 786 verbum
1636 713 1813 810 pert-a,
1840 714 1941 788 idem
1969 714 2074 812 quod

160 857 441 958 vazquez-a
454 855 669 953 significans
683 857 720 953 *i
737 857 847 954 hujus
862 857 981 932 simile
994 885 1118 964 erge-e
1143 882 1191 930 ex
1214 858 1423 960 antiquiore
1449 888 1521 963 cqc
1540 857 1760 950 derivatum,
1789 858 1876 934 inde
1897 884 2072 956 praesen·

161 1002 215 1074 tis
240 1001 404 1074 formam
429 1002 574 1106 πράσσω
608 1001 827 1094 formatam,
867 1014 999 1100 postea
1023 1033 1045 1078 a
1070 1003 1216 1076 litterae
1256 1027 1391 1076 sonum
1425 1003 1462 1076 in
1497 1033 1524 1104 γ
1558 1004 1743 1076 mollitum
1783 1029 1864 1078 ease
1898 1006 2070 1102 conjicio.

334 1145 378 1220 ln
406 1145 554 1220 duobus
587 1145 713 1220 verbis
746 1147 829 1242 ipsa
854 1143 1084 1221 Graecorum
1110 1113 1241 1245 lingua
1266 1148 1338 1220 sibi
1375 1174 1452 1222 non
1480 1148 1657 1222 constitit.
1708 1146 1805 1220 Nam
1833 1175 1854 1220 a
1880 1151 2072 1245 praesenti

160 1293 295 1370 edero
320 1293 522 1377 necerim
560 1315 630 1366 neo
658 1291 754 1391 eripe
782 1291 907 1384 abest,
948 1317 1061 1387 quare
1088 1293 1180 1366 nihil
1209 1295 1352 1384 obstat,
1393 1319 1467 1390 quo
1495 1294 1618 1374 minus
1645 1292 1692 1366 ab
1721 1317 1765 1366 ea
1791 1292 1916 1365 radice
1945 1307 2070 1371 ortum

171 1462 266 1512 esee
293 1437 471 1528 dicamus,
502 1463 596 1534 quae
624 1439 663 1514 in
688 1439 804 1536 priori
829 1439 937 1514 inest.
953 1481 998 1496 -
1026 1438 1186 1546 o'griceu
1211 1449 1335 1512 utrum
1363 1439 1592 1534 primitivum
1622 1439 1679 1527 sit,
1709 1463 1767 1530 an,
1795 1452 1838 1512 ut
1857 1439 2070 1520 Lobeckpug
2147 1423 2239 1534 ipim

163 1583 312 1672 voluit,
341 1581 562 1672 derivatum,
589 1582 758 1656 nondum
792 1585 1030 1681 exploratum
1058 1597 1123 1662 est.
1177 1581 1254 1658 Sed
1277 1615 1307 1683 χ
1332 1583 1494 1658 litteram
1521 1584 1559 1658 in
1583 1583 1758 1680 genetivo
1785 1580 1939 1691 impexae
1966 1590 2070 1662 etin

163 1726 361 1800 vocabulo
388 1723 530 1834 διωςυχή
549 1729 804 1824 'antiquiorem
839 1755 920 1804 esse
949 1756 1059 1827 quam
1089 1755 1170 1806 enm
1200 1754 1293 1825 quae
1321 1741 1453 1824 postea
1476 1751 1546 1800 usu
1568 1728 1674 1800 venit
1699 1759 1742 1830 γ,
1783 1747 1821 1802 et
1853 1732 1891 1804 in
1923 1732 2069 1806 Aristo·

164 1872 317 1968 phania
337 1874 485 1952 Arium.
502 1901 537 1950 v.
567 1873 643 1947 394
667 1875 1020 1980 aurequxner'rurda,
1045 1899 1123 1952 non
1149 1874 1489 1980 summaeripae&
1516 1874 1754 1948 scribendum
1782 1901 1864 1950 esse
1891 1878 1989 1952 inter
2015 1879 2068 1952 vi-

165 2043 236 2092 ros
266 2019 399 2093 doctos
426 2019 619 2094 convenit

333 2165 505 2238 Aliorum
546 2191 636 2239 usus
675 2191 753 2238 non
786 2165 990 2240 admodum
1017 2167 1191 2262 antiquus
1219 2175 1286 2240 est.
1338 2163 1507 2236 Verbum
1533 2166 1654 2242 edero
1679 2165 1718 2236 in
1746 2164 1903 2240 Homeri
1936 2170 2068 2242 carmi·

166 2310 299 2400 nibus,
325 2311 364 2382 in
391 2309 526 2404 quibus
551 2334 629 2382 non
659 2309 789 2384 deerat
815 2335 859 2384 eo
886 2309 1017 2384 utendi
1045 2310 1212 2400 occasio,
1250 2333 1328 2382 non
1353 2309 1506 2407 legitur,
1547 2322 1660 2384 etex
1698 2311 1743 2384 iis
1771 2335 1865 2407 quae
1899 2311 2066 2408 ejusdem

164 2454 326 2552 originis
353 2466 440 2528 sunt
466 2453 680 2528 nominibus
707 2456 957 2557 uuumerrpo‘r
981 2465 1154 2552 correpta
1180 2467 1311 2526 eontra
1337 2454 1564 2550 tragicorum
1587 2479 1732 2526 morem
1758 2457 1989 2552 paenultima
2025 2460 2064 2536 in

163 2624 249 2672 uno
276 2597 401 2671 Iliadis
438 2623 549 2670 versu
578 2603 627 2693 (Ψ
655 2599 762 2696 160)·,
795 2600 934 2698 inquo
963 2598 1172 2673 Aristarchi
1199 2609 1236 2670 et
1261 2596 1469 2670 Herodiani
1490 2597 1634 2694 jndicio
1660 2599 1799 2695 rejecto
1827 2602 1945 2673 nostri
1972 2613 2064 2675 tem-

163 2745 273 2842 poris
301 2744 464 2818 editores
491 2753 524 2820 ei
542 2747 571 2822 τ’
596 2748 681 2848 ἀγοί
704 2759 944 2848 receperunt,
984 2743 1085 2823 eicon
1118 2755 1155 2816 et
1179 2747 1303 2832 πήσσω
1328 2768 1406 2816 non
1439 2754 1528 2816 ante
1552 2743 1763 2842 Augustum
1797 2745 2064 2842 imperatorem

163 2889 411 2964 inveniuntur
437 2915 505 2987 pro
532 2889 676 2993 οἶγνυμι,
701 2894 868 2993 criptum,
894 2895 1033 2989 posita,
1069 2893 1197 2999 ῥῆσσω
1223 2917 1291 2988 pro
1319 2891 1457 2994 ῥήγνυμι
1484 2889 1574 2963 dicti
1601 2889 1811 2986 Lobeelrius
1840 2891 1903 2988 (ad
1925 2889 2065 2964 Buttnu

163 3031 212 3106 ll.
243 3035 334 3130 287)
361 3033 629 3134 Hippocratem
657 3037 953 3132 antiquissimum
983 3049 1175 3109 auctorem
1202 3035 1321 3125 affert,
1349 3037 1454 3131 cujus
1481 3035 1586 3108 crisis
1614 3036 1890 3130 quemlubriea
1916 3037 2063 3109 sitnon

163 3178 375 3276 ignoratur,
402 3182 579 3288 φςύσσω
607 3182 669 3254 vel
695 3181 849 3287 φρύττω,
877 3179 979 3276 quod
1006 3181 1097 3252 olim
1122 3180 1159 3252 in
1180 3178 1412 3252 Theocriteis
1438 3178 1645 3274 legebatur,
1673 3178 1869 3250 novissimi
1897 3179 2063 3254 editores

163 3323 256 3396 inde
286 3323 501 3417 excludunt,
528 3325 742 3402 Lobeokiua
765 3328 900 3400 minus·
929 3349 1039 3423 quam
1072 3325 1190 3430 φῴγω
1229 3323 1382 3396 atticum
1412 3348 1493 3396 esse
1521 3333 1659 3395 censet.
1718 3321 1767 3395 Et
1799 3323 1872 3395 hoc
1910 3323 2061 3419 quidem

165 3469 333 3542 mediam
361 3471 524 3544 litteram
550 3473 716 3545 nativam
739 3471 1072 3546 habereIndorum
1094 3471 1267 3568 bburp‘,
1295 3466 1513 3540 Latinorum
1530 3456 1693 3566 sitq-ere
1720 3466 2060 3562 documentosunt,

168 3614 309 3710 quibus
336 3641 562 3713 quamquam
592 3615 751 3690 diversis
776 3617 972 3690 vocalibus
999 3615 1056 3688 usi
1084 3613 1243 3687 eandem
1269 3638 1349 3685 rem
1377 3611 1601 3708 significant.
1624 3613 1879 3709 -σφάττω,
1894 3613 1932 3684 in
1947 3637 2061 3710 prosa

171 3759 386 3850 Atticorum
415 3761 584 3833 oratione
605 3760 693 3834 inde
721 3760 934 3834 a-Platonis
955 3772 1126 3858 tempore
1154 3758 1335 3832 usitatius.
1354 3768 1412 3832 est
1437 3781 1549 3854 quam
1563 3758 1703 3860 σφάζω,
1724 3758 1761 3829 in
1779 3782 1853 3853 quo
1868 3759 2061 3854 utriusque

171 3905 341 4004 syllabae
369 3907 499 3980 sibilus
527 3906 649 3979 atticis
676 3905 909 4004 displicuisse
934 3905 1092 3978 videtur.
1145 3903 1388 3998 Antiquiores
1414 3901 1487 3973 hoc
1513 3901 1666 3974 minime
1687 3900 1902 3998 repudiant3
1931 3912 1968 3974 et
1995 3925 2060 3997 op·

170 4049 265 4122 time
293 4053 466 4150 congruit
492 4075 575 4124 eum
603 4053 780 4154 ceraunia,
806 4053 952 4153 σφαγή,
990 4052 1158 4152 iconi-pur,
1192 4048 1284 4121 aliie.
1337 4045 1512 4118 Ceterum
1539 4045 1569 4118 si
1597 4043 1788 4118 Kuhnium
1816 4069 2057 4142 sequeremur

165 4191 242 4266 hoe
267 4193 425 4267 verbum
453 4221 536 4268 cum
560 4194 770 4271 Gothorum
798 4195 978 4270 sloh-an
1005 4205 1286 4292 comparantem
1312 4191 1500 4288 (Zeitsebr.
1519 4193 1552 4290 f.
1576 4191 1682 4290 verpl.
1705 4189 1872 4290 Spracbf.
1900 4189 1964 4282 IV,
1994 4189 2056 4286 18)

167 4336 281 4410 etiam
295 4339 337 4411 in
358 4339 431 4412 hoc
450 4342 573 4415 tenuis
601 4343 788 4440 antiquior
815 4353 915 4414 esset
941 4365 1052 4436 quam
1078 4339 1212 4415 media.
1261 4335 1336 4410 Sed
1363 4337 1453 4410 mihi
1477 4337 1626 4435 quidem
1649 4337 1719 4410 hae
1746 4337 1793 4410 de
1821 4363 1860 4410 re
1888 4337 2057 4410 nondum

167 4495 326 4566 constet.

178 4727 436 4740 —-—.—..-
440 4735 474 4742 ..„
483 4737 485 4742 .

266 4867 289 4931 ⁸)
311 4870 484 4919 bohemorum
505 4867 593 4931 price,
614 4869 755 4933 negotium,
778 4869 860 4932 letor,
879 4867 1151 4930 prlroeatincgotium
1172 4864 1311 4926 secessere,
1332 4869 1418 4913 utram
1439 4864 1471 4913 ed
1492 4865 1635 4913 breviorem
1655 4865 1773 4927 stirpem,
1795 4877 1862 4928 qnae
1881 4869 1921 4913 eet
1938 4877 1999 4928 pra,
2021 4875 2054 4914 en

307 4959 339 5008 ed
356 4957 427 5022 prot
447 4958 585 5021 pertineat,
607 4957 639 5006 iis
658 4957 853 5017 diiudicandum
874 4957 1003 5022 relinquo,
1024 4956 1068 5016 cui
1088 4955 1242 5005 clericerum
1259 4954 1428 5004 dialectomm
1448 4965 1490 5003 me
1510 4954 1645 5016 peritiores
1665 4960 1734 5003 surii.
