4532 5882
530 1412 599 1556 Β
634 1412 645 1640 J
824 1485 1242 1670 celerano„
1341 1543 1343 1551 ψ

201 1859 288 1980 ln
310 1903 450 1980 Graeca
478 1929 558 2000 non
588 1907 738 2000 minus,¹
759 1919 870 2008 quam
896 1909 936 1980 in
954 1905 1154 2012 ‘plerisque
1171 1905 1265 1984 'aliis
1294 1909 1426 2012 lingens
1458 1907 1655 1986 tractandis
1688 1931 1802 2012 quum

227 2039 275 2116 ad
291 2045 445 2138 'nostrop
470 2041 693 2147 usque‘dies
716 2043 946 2147 praevaleret
970 2069 1013 2120 ea
1037 2049 1147 2140 ratio,
1175 2061 1219 2122 ut
1242 2043 1338 2150 quas
1363 2046 1409 2122 ad
1432 2045 1693 2150 intelligendos
1715 2049 1802 2122 scri·
1855 2047 1860 2058 '

197 2177 354 2284 'mores
387 2181 588 2258 resonarit
620 2197 744 2258 cuent
776 2177 943 2260 audurae
978 2183 1139 2260 colim
1165 2183 1414 2278 traderentur,
1454 2185 1592 2262 lactum
1625 2203 1697 2278 est,
1738 2200 1800 2275 ut,

226 2335 510 2422 quantacunque
535 2319 606 2394 iuit
629 2323 670 2392 in
694 2319 775 2392 aliis
800 2318 910 2394 buius
936 2315 1149 2424 disciplinas
1178 2325 1342 2425 partibus
1368 2321 1557 2417 industria,
1574 2319 1671 2416 eae,
1706 2343 1803 2424 quae

224 2427 332 2532 illum
356 2461 397 2532 in
420 2482 529 2530 usum
551 2459 670 2564 minus
692 2456 927 2532 contribuere
946 2455 1179 2552 videbantur,
1208 2459 1286 2536 fere
1307 2463 1463 2536 intactae
1483 2465 1657 2536 iacerent.
1687 2457 1818 2552 Quod*

223 2597 402 2698 imprimis
434 2593 531 2669 valet
565 2590 613 2668 de
645 2597 838 2669 nominum
871 2612 909 2671 et
940 2598 1139 2707 verborum
1172 2597 1406 2674 formatione.
1459 2597 1556 2674 Nam
1589 2601 1656 2672 etsi
1687 2593 1824 2700 multa

222 2735 358 2836 passim
386 2734 455 2808 riri
487 2729 598 2820 docti,
620 2731 716 2808 hanc
746 2736 785 2807 in
814 2758 895 2809 rem
924 2735 1175 2830 contulerunt,
1210 2733 1506 2831 et‘Lobeekius,
1523 2764 1560 2812 v.
1577 2735 1649 2828 ill.,
1679 2731 1800 2809 erudi·

221 2873 325 2946 tione
351 2868 531 2973 stupenda
555 2895 763 2975 magnoque
788 2875 955 2948 acumine
981 2873 1191 2978 complures
1217 2878 1462 2979 piscationes,
1497 2900 1591 2978 quae
1616 2873 1690 2948 huc
1716 2897 1800 2976 per-

220 3010 355 3101 tinent,
389 3011 428 3083 in
453 3005 619 3112 Parergis
643 2979 683 3084 et
706 3007 996 3114 Paralipomenis
1019 3014 1188 3106 instituit,
1218 3029 1343 3088 tamen
1368 3013 1518 3106 librum,
1552 3017 1592 3086 in
1619 3035 1695 3115 quo
1721 3025 1801 3086 tota

215 3151 281 3220 ¹res
307 3145 491 3218 subtiliter
514 3160 666 3218 tractata
689 3149 737 3216 sit
760 3144 1021 3216 desideramus.
1067 3149 1193 3246 Atque
1219 3153 1328 3220 etiam
1351 3153 1378 3220 ii
1402 3153 1485 3236 riri,
1521 3153 1586 3247 qui
1611 3174 1800 3250 compara·

221 3285 270 3358 tis
296 3305 391 3384 quae
421 3281 468 3354 ab
500 3277 627 3355 eadem
658 3281 772 3383 stirpe
799 3275 977 3354 oriundae
995 3295 1088 3357 'sunt
1111 3280 1245 3384 lingtris
1271 3298 1308 3357 et
1333 3279 1519 3358 Sanscrito
1545 3285 1700 3356 maxime
1725 3307 1799 3356 ser·

222 3444 335 3494 mone
361 3417 554 3509 advocato,
582 3443 696 3495 novas
718 3419 794 3494 vias
819 3444 903 3493 cum
928 3417 1006 3494 lere
1032 3421 1198 3494 omnium
1219 3420 1508 3525 Europaearum,
1537 3436 1617 3496 tum
1637 3418 1800 3496 Graecae

221 3557 368 3660 linguae
392 3554 515 3632 sardio
541 3559 788 3650 muniverunt,
818 3525 1102 3632 declinationem
1123 3556 1274 3660 quidem
1296 3575 1334 3634 et
1356 3561 1651 3662 coniugationem
1672 3585 1800 3636 recens

223 3699 505 3788 constitueram,
542 3719 622 3770 eam
653 3719 743 3770 vero
774 3697 1027 3796 grammaticae
1058 3711 1214 3798 partem,
1252 3723 1346 3800 quae
1377 3704 1417 3775 in
1447 3700 1640 3772 nominum
1665 3698 1798 3774 verbo-

222 3859 380 3937 rumque
412 3833 633 3908 formatione
663 3848 839 3927 rersatur,
874 3835 1009 3937 passim
1039 3847 1194 3928 tantum,
1232 3831 1313 3909 data
1346 3838 1551 3930 occasione,
1587 3838 1797 3939 tetigerunt.

222 3971 326 4046 Inter
356 3995 451 4076 quos
475 3951 639 4075 lloppio,
673 3971 914 4047 celeberrimo
946 3975 1214 4074 comparativae
1246 3977 1498 4075 grammaticae
1528 3971 1726 4067 conditori,
1763 3991 1800 4049 et

222 4105 363 4202 Pottic,
390 4137 427 4186 r.
444 4107 509 4202 cl.‚
537 4101 695 4214 plurima
722 4105 911 4184 debemus.
950 4107 1112 4213 Collegit
1138 4136 1258 4214 nuper
1277 4109 1425 4215 Papius,
1450 4137 1488 4188 v.
1504 4109 1570 4205 cl.,
1597 4107 1799 4186 secundum

220 4251 496 4323 terminationes
528 4247 708 4323 vocabula
734 4245 874 4323 Graeca
907 4251 946 4322 in
975 4247 1108 4342 lexico,
1144 4245 1245 4352 quod
1271 4248 1557 4354 etymologicum
1580 4252 1795 4326 nominavit.

223 4383 298 4461 Sed
317 4401 461 4461 secutis
481 4403 536 4462 est
553 4385 721 4462 ordinem
740 4385 1012 4490 alphabeticum
1026 4403 1063 4462 et
1074 4387 1237 4464 breviter
1248 4403 1390 4463 tantum
1405 4384 1451 4463 de
1464 4387 1613 4491 singulis
1626 4390 1797 4463 termina-

221 4525 385 4600 tionibus
408 4527 654 4626 praemonuit,
689 4527 739 4598 ita
764 4542 806 4599 ut
830 4524 1042 4600 utilissimus
1069 4523 1219 4628 quidem
1244 4525 1307 4602 hic
1339 4525 1435 4601 liber
1465 4531 1511 4601 sit
1542 4529 1723 4628 scripturo
1750 4523 1797 4602 de

221 4661 489 4740 vocabulorum
515 4662 747 4756 formatione,
775 4688 1011 4767 nequaquam
1036 4665 1159 4738 tamen
1185 4667 1384 4740 accuratius
1409 4668 1600 4767 cognituro
1626 4663 1795 4739 sufficiat.

357 4800 469 4876 „Mihi
492 4825 581 4876 vero
606 4807 818 4904 priusquam
843 4801 939 4894 talis,
970 4800 1116 4904 qualem
1141 4803 1249 4877 nobis
1276 4801 1513 4877 informamus
1537 4801 1633 4876 liber
1658 4800 1799 4878 dehac

219 4966 276 5024 re,
290 4937 517 5042 aliquatenus
543 4937 726 5041 perlectus
752 4941 943 5032 scribatur,
977 4944 1220 5015 necessarium
1242 4939 1399 5034 videtur,
1427 4955 1469 5014 ut
1494 4941 1655 5044 singulae
1684 4933 1795 5044 quae·

218 5081 373 5170 stiones,
409 5103 502 5180 quae
534 5077 623 5152 illuc
653 5077 802 5172 iaciunt,
837 5095 1073 5181 cognatarum
1100 5079 1305 5180 linguarum
1331 5085 1603 5182 comparatione
1630 5076 1675 5154 ad
1701 5077 1797 5156 hanc
