4520 5896
1011 719 1054 790 11
1109 759 1263 766 „m

333 924 459 1007 ‚adali-a,
482 921 540 986 sad
562 914 723 1008 φύξηλι-ς
744 940 807 984 non
830 917 930 982 habet
952 917 1086 982 similem
1109 915 1243 999 stirpem
1265 913 1470 990 nominalam,
1494 935 1535 979 ex
1557 935 1622 1000 qua
1643 914 1727 980 dari-

340 1039 440 1098 vetur.
463 1033 500 1096 In
523 1021 728 1112 diapolita-c
750 1053 776 1094 ω
799 1027 918 1094 vocalis
939 1048 1004 1092 non
1028 1026 1130 1109 magis
1153 1025 1281 1090 diversa
1302 1025 1427 1089 videtur
1448 1045 1469 1090 a
1490 1025 1580 1090 brevi
1600 1046 1619 1090 o
1639 1027 1726 1091 voois

343 1142 538 1224 primitivae,
569 1161 666 1222 quam
694 1140 852 1222 producta
880 1143 900 1203 ἂ
932 1139 1040 1203 littera
1066 1136 1174 1202 Latini
1204 1137 1353 1200 mimda-a
1379 1155 1398 1197 a
1425 1141 1590 1219 postrema
1622 1135 1727 1201 vocali

342 1253 534 1317 substantivi
556 1254 666 1314 anima.
711 1249 775 1314 Sed
811 1241 1010 1336 ἁμαρτωλός
1040 1247 1127 1310 unde
1159 1245 1300 1311 vocalem
1332 1265 1422 1310 suam
1453 1247 1627 1328 aoaaparit,
1662 1265 1728 1311 non
1850 1261 1853 1266 '

342 1363 446 1445 magis
470 1361 684 1444 assequimur,
706 1381 804 1442 quam
831 1359 917 1423 unde
937 1385 959 1422 a
980 1357 1137 1441 producta
1163 1357 1285 1421 venerit
1305 1357 1338 1420 in
1359 1356 1473 1420 Latino
1500 1358 1611 1421 adali-a.
1654 1355 1728 1422 Jam

343 1493 419 1536 vero
442 1469 586 1536 dentalis
607 1471 664 1535 illa
690 1470 812 1548 littera,
841 1470 979 1552 quaein
1007 1473 1145 1550 utraque
1171 1467 1279 1549 lingua
1306 1471 1381 1531 ante
1401 1485 1456 1531 eas
1477 1465 1728 1543 terminationes,

341 1583 381 1648 do
408 1583 523 1666 quibus
552 1581 691 1664 agimus,
722 1579 958 1663 quodammodo
987 1578 1084 1643 inseri
1114 1577 1294 1655 videbatur,
1324 1576 1391 1642 fare
1412 1597 1476 1642 nou
1497 1582 1606 1660 potest
1634 1576 1728 1642 aliter

342 1692 512 1776 explicari,
544 1692 605 1756 nisi
626 1692 686 1768 ita,
717 1695 755 1754 ut
780 1690 889 1772 stirpis
917 1688 1086 1753 nominalis
1108 1688 1208 1770 magis
1229 1687 1408 1770 primitivae
1434 1686 1588 1752 indicium
1610 1688 1661 1764 sit,
1685 1707 1726 1751 ex

343 1823 408 1886 qua
435 1805 448 1868 l
478 1823 637 1868 consonae
669 1822 729 1885 ope
758 1822 842 1865 nova
874 1801 969 1882 stirps
1000 1807 1177 1881 propagata
1211 1801 1261 1862 sit.
1306 1799 1430 1864 roa-tile
1458 1797 1557 1880 igitur
1587 1817 1607 1861 a
1640 1808 1727 1875 maro,

345 1905 550 1978 ὄπ-τ-αλέον
572 1912 613 1978 ab
642 1903 752 1995 ὀπτῷ,
772 1913 886 1996 pot-ile
913 1910 1092 1974 fortassee
1116 1921 1206 1993 potat,
1234 1906 1424 1988 σχέ-τ-λιο-ς
1449 1931 1470 1974 a
1499 1905 1651 1994 σχέ-τη-ς
1673 1904 1727 1991 (oi.
1826 1993 1830 2004 .

342 2015 474 2108 imp-c),
502 2015 660 2107 impio-c
682 2020 722 2085 ab
745 2015 829 2107 tta-9
856 2021 1000 2086 derivata
1027 2026 1113 2099 sunt.¹
1135 2018 1218 2097 Quid
1239 2039 1327 2098 vero,
1351 2019 1379 2082 si
1400 2017 1473 2101 quis
1494 2017 1545 2082 vel
1568 2037 1621 2096 ea,
1645 2037 1729 2101 quaa

344 2133 484 2214 primum
504 2131 684 2214 inspicienti
700 2133 937 2216 simplicissima
960 2151 1030 2196 esse
1044 2128 1203 2206 videntur,
1226 2135 1264 2194 ut
1278 2131 1446 2206 ared-alna,
1469 2130 1642 2207 aem-alus,
1663 2147 1728 2192 non

347 2242 388 2306 ab
410 2242 488 2323 ipsis
515 2241 684 2308 verborum
707 2242 857 2325 stirpibus
880 2245 960 2319 cred,
983 2256 1071 2320 trem,
1099 2240 1156 2305 ssd
1178 2261 1199 2304 a
1220 2239 1408 2318 nominibus,
1431 2239 1540 2322 qualia
1568 2237 1661 2304 nobis
1687 2257 1727 2302 ex

344 2350 481 2416 aliorum
510 2351 716 2416 similitudine
749 2353 872 2434 fingere
894 2373 1078 2436 possumus,
1108 2351 1253 2416 derivata
1275 2349 1383 2413 dicat?
1426 2348 1507 2414 Nam
1534 2354 1572 2413 ut
1598 2371 1727 2435 eoque-a,

336 2463 458 2544 jepta-a,
476 2484 600 2546 proca-a
620 2482 656 2526 re
677 2482 755 2526 vara
787 2468 932 2540 exstant,
960 2462 1070 2545 quidni
1098 2461 1195 2526 etiam
1224 2462 1379 2536 *ereda-s,
1410 2465 1555 2525 *uana-o
1577 2460 1652 2525 olim
1675 2481 1729 2526 ex·

343 2571 508 2635 stiterintl
531 2574 644 2634 *scia-a
665 2571 698 2635 in
721 2573 904 2654 compositis
926 2578 1012 2636 certe
1040 2578 1200 2637 servatur:
1228 2573 1375 2649 naaria-s,
1402 2572 1547 2649 inscia-a,
1568 2574 1730 2650 amaria-a,

343 2680 470 2746 abhoc
498 2681 662 2745 derivatur
689 2683 827 2754 ario-lua,
858 2683 943 2764 quod
970 2688 1131 2764 potestate
1160 2703 1219 2747 sua
1240 2703 1261 2746 a
1282 2681 1439 2758 'credula-a,
1471 2681 1619 2766 crepula-a
1656 2680 1729 2746 aliis

343 2791 410 2856 iere
440 2811 502 2855 von
532 2789 694 2856 diversum
720 2799 777 2856 ast.
823 2793 929 2870 Quare
960 2793 1108 2875 equidem
1135 2813 1199 2856 non
1228 2791 1352 2869 dubito,
1390 2790 1466 2872 quin
1501 2789 1629 2854 vocales
1656 2789 1730 2856 illae

343 2907 423 2968 ante
445 2903 458 2965 l
478 2921 649 2964 consonam
672 2901 798 2984 positae
819 2904 997 2984 antiquitus
1027 2904 1069 2965 ad
1091 2904 1231 2985 priorem
1254 2900 1512 2966 terminationem
1535 2899 1730 2966 nominalam

347 3011 570 3095 pertinuerint.
594 3011 643 3074 oui
670 3030 741 3073 oum
764 3031 847 3074 nova
872 3011 1057 3075 terminatio
1080 3011 1253 3075 adderetur
1274 3011 1439 3093 quantitas
1453 3009 1612 3075 vocalium
1634 3009 1730 3074 modo

344 3124 466 3187 intacta
488 3122 615 3199 mansit,
638 3119 734 3194 modo
757 3126 853 3186 aucta
875 3126 932 3186 est.
976 3120 1089 3204 ltaque
1112 3120 1173 3185 hoe
1195 3122 1288 3203 quasi
1317 3127 1455 3185 stamma
1476 3120 1589 3192 harum
1612 3119 1730 3184 forma·

347 3255 418 3297 rum
442 3232 663 3316 proposuerim

686 3368 731 3405 -a
1328 3355 1380 3406 -Ca

653 3437 761 3576 -αΙ-Ια
835 3481 839 3490 ¹
1297 3513 1418 3578 dra-Ia

622 3603 805 3769 -a-ciatja
1267 3605 1455 3769 -a-ial-jcz
1556 3713 1558 3718 ·

636 3780 776 3934 Α
1292 3773 1421 3934 Λ

569 3936 691 4001 -α-λιο
778 3941 850 4002 -i-li
1218 3940 1337 4003 τα-λιο
1360 3993 1365 4004 ,
1424 3937 1515 4002 -ῑί-ἱί

569 4019 695 4085 -α-λεο
1212 4022 1336 4087 ‘co-iao

350 4127 387 4191 In
407 4129 517 4210 quoin
534 4130 691 4194 vocalium
707 4131 907 4210 varietatem,
932 4153 1015 4216 quaa
1038 4133 1128 4197 vario
1143 4132 1238 4198 modo
1260 4131 1412 4216 explicari
1438 4133 1555 4214 potest,
1574 4129 1643 4212 jam
1665 4149 1731 4193 non

346 4236 488 4318 inquiro,
517 4261 621 4324 neque
652 4241 779 4304 omnino
805 4241 865 4306 hoc
886 4243 933 4307 ita
958 4241 1099 4325 intellegi
1129 4243 1239 4320 velim,
1263 4242 1356 4325 quasi
1377 4242 1550 4323 unicuique
1572 4238 1730 4322 adjectivo

348 4343 474 4410 Graeco
494 4355 526 4413 et
547 4351 663 4415 Latino
685 4352 718 4416 in
742 4356 815 4429 olo,
838 4358 923 4428 alto,
946 4357 1033 4428 also,
1051 4352 1116 4448 alo,
1140 4353 1177 4417 ili
1196 4372 1270 4416 vera
1293 4352 1460 4434 supposita
1482 4349 1581 4414 suerit
1603 4347 1731 4412 brevior

347 4455 458 4538 aliqua
479 4456 584 4523 forma
610 4461 643 4524 in
666 4461 825 4525 ueniens.
869 4461 952 4525 Nam
980 4460 1068 4526 haud
1096 4460 1193 4526 dubie
1216 4467 1250 4526 et
1278 4461 1330 4526 hie
1352 4467 1384 4526 et
1411 4459 1489 4524 alibi
1511 4457 1730 4542 exemplorum

346 4567 549 4648 quorundam
571 4591 606 4633 re
633 4591 710 4635 vera
731 4571 778 4635 sio
804 4577 949 4635 ortorum
976 4570 1156 4653 analogiam
1186 4592 1320 4654 magnus
1343 4590 1494 4634 numerus
1522 4569 1656 4633 aliorum
1680 4587 1731 4632 se·

343 4681 438 4740 cutus
461 4682 518 4742 est.
550 4677 698 4744 Ceterum
721 4681 748 4744 si
771 4686 856 4744 reate
879 4679 960 4744 haec
982 4680 1144 4763 disputata
1166 4691 1248 4759 sunt,
1271 4679 1409 4744 efficitur
1430 4699 1549 4761 magna
1571 4678 1729 4762 quaedam

343 4787 522 4853 similitudo
545 4788 629 4853 inter
650 4794 754 4854 totum
776 4789 845 4870 hoe,
869 4789 909 4853 de
931 4811 993 4872 quo
1010 4789 1203 4872 quaerimus,
1226 4811 1325 4873 genus
1349 4797 1381 4854 et
1404 4789 1563 4872 adjectiva
1586 4788 1732 4853 deminu-

1488 4890 1524 4940 2.
