4444 5866
259 1481 511 1624 Quamquam
537 1507 851 1609 praestantissimi
875 1508 946 1582 viri
972 1507 1019 1582 de
1037 1505 1235 1606 Sophoclis
1262 1507 1400 1582 fabulis
1424 1506 1664 1582 restituendis
1691 1507 1985 1606 enanundisque

100 1671 175 1736 am
202 1659 301 1734 sess
326 1629 454 1734 meos
477 1667 575 1750 sunt,
601 1666 643 1730 n
667 1655 787 1730 muto
813 1655 933 1754 megin
959 1679 1071 1753 quam
1097 1655 1161 1754 qu
1185 1654 1303 1752 priori
1327 1655 1478 1730 necno
1504 1657 1681 1730 vixerunt
1701 1631 1782 1754 jan
1807 1641 1986 1731 sulcas

101 1807 290 1905 possimus
314 1805 451 1880 summi
475 1814 611 1903 poetae
636 1801 926 1901 pulchritudine,
951 1813 1079 1877 tamen
1104 1826 1153 1876 ne
1179 1801 1220 1876 in
1247 1827 1292 1876 ea
1317 1801 1469 1900 quidem
1488 1801 1695 1902 tragoedia,
1722 1827 1816 1900 quae
1835 1813 1987 1901 praeter

18 2001 20 2010 ,
101 1963 249 2028 retem
282 1952 384 2026 viros
411 1949 651 2025 doctimimos
674 1947 918 2046 interpretem
943 1959 1055 2023 nacta
1080 1960 1137 2022 cst
1161 1949 1376 2048 Augustius
1399 1945 1651 2041 Boeckhium,
1679 1950 1807 2024 omns
1831 1973 1876 2024 eo
1903 1971 1987 2048 per-

102 2097 214 2174 ducto
241 2121 323 2198 esse
349 2095 536 2189 videntur,
561 2107 604 2170 ut
628 2095 735 2170 nulla
759 2094 821 2170 vel
847 2093 1035 2170 scribendi
1059 2093 1133 2170 vel'.
1148 2092 1362 2192 explicandi
1387 2093 1587 2170 difficultas
1612 2105 1816 2170 remaneat.
1855 2093 1986 2193 ltaque

101 2265 183 2318 corn
210 2244 305 2318 mihi
322 2243 555 2342 Antigonam
581 2239 888 2316 adolescentibus
912 2240 1148 2339 antiquorum
1168 2241 1377 2315 limeramuu
1398 2241 1579 2316 studiosis
1598 2241 1712 2318 medo
1734 2243 1773 2316 in
1792 2240 1987 2342 hegensi,

18 2371 20 2428 l
102 2415 199 2466 nunc
227 2415 320 2466 vero
346 2390 385 2463 in
412 2389 483 2464 hac
507 2399 639 2466 nostra
663 2388 906 2464 universitate
926 2386 1187 2486 interpretanti
1206 2385 1357 2483 quidem
1375 2386 1451 2461 loci
1471 2399 1537 2462 aut
1554 2387 1746 2460 emendari
1766 2399 1829 2461 out
1846 2389 1987 2464 rectius

18 2629 21 2646 .
104 2539 282 2637 explicari
307 2535 675 2638 portenderentur,
702 2536 832 2610 oblata
857 2534 928 2609 hac
955 2531 1233 2608 commentandi
1261 2534 1459 2608 occasione
1486 2535 1539 2610 sic
1564 2535 1619 2609 uti
1637 2535 1826 2628 constitui,
1853 2550 1894 2611 ut
1913 2561 1985 2636 ego

103 2709 253 2786 quoque
278 2685 327 2760 ad
353 2709 436 2759 eom
461 2672 639 2778 fabulam,
666 2709 741 2784 quo
764 2685 868 2759 nulla
892 2683 1128 2782 antiquarum
1154 2683 1276 2756 nostri
1302 2679 1386 2756 aevi
1411 2681 1629 2756 hominibus
1647 2683 1766 2782 magis
1783 2683 1822 2756 iu
1843 2682 1986 2758 deliciis

105 2847 166 2929 cst,
192 2831 457 2910 illustrandam
483 2831 753 2931 aliquantulum
779 2829 1069 2906 contribuerem.
1131 2789 1134 2800 i

260 2979 413 3053 initium
439 2977 576 3051 faciem
602 3001 625 3048 a
648 3001 763 3050 verra
793 2973 952 3050 multum
977 2985 1137 3048 tractato
1167 2977 1249 3048 130.
1300 2972 1339 3046 ls
1364 2973 1405 3046 in
1428 2973 1559 3049 codice
1584 2971 1837 3048 Laurentiano
1863 2973 1986 3072 primo

18 3167 19 3208 r
105 3119 215 3226 (Lo)
242 3167 290 3184 -
316 3121 514 3198 Diodorfio
539 3131 636 3196 teste
661 3161 710 3178 ·-
737 3121 791 3196 sio
817 3121 956 3219 legitur

1088 3255 1264 3346 ὑπερόπτας

760 3380 889 3487 χρυσοῦ
912 3381 1063 3480 ψυχῆς
1088 3379 1289 3486 evagamur

18 3547 19 3556 ἵ
105 3559 142 3636 ἱιι
167 3587 247 3662 quo
273 3560 375 3660 qnod
401 3585 516 3660 supro
540 3560 679 3634 lineam
705 3560 886 3658 scriptum
912 3570 971 3634 est
994 3559 1186 3634 invenitur
1210 3559 1323 3631 etiam
1348 3557 1388 3631 in
1408 3553 1615 3634 Parisiensi
1637 3581 1669 3630 o.
1707 3555 1836 3655 Neque
1858 3567 1985 3631 tamen

106 3705 149 3782 de
180 3733 261 3782 uno
294 3707 480 3782 vocabulo
513 3718 706 3806 postremo
739 3703 947 3798 dubitatur,
981 3729 1067 3779 eum
1093 3727 1241 3803 quoque
1268 3703 1332 3801 qui
1356 3701 1548 3803 praeeedit
1573 3703 1790 3803 genetivum
1815 3700 1990 3776 diffiniet

104 3875 209 3929 mum
247 3855 438 3953 explicatu
477 3875 579 3945 esse,
616 3851 770 3926 minime
801 3853 897 3951 fugit
929 3851 1103 3927 editores
1153 3857 1304 3951 καναχῆς
1337 3849 1502 3924 enimsi
1533 3847 1751 3922 Hermanno
1778 3846 1986 3921 ducenum

105 4001 346 4097 praecedenti
376 4003 497 4099 πολλῷ
526 4001 666 4108 ῥεύματι
699 4001 977 4100 conjungimus,
1012 3999 1165 4074 minime
1190 4001 1315 4099 placet
1340 3997 1499 4073 dunum
1523 4017 1650 4070 rerum
1674 3996 1773 4070 inter
1799 4019 1840 4068 se
1865 3993 1988 4066 diver·

108 4169 254 4240 nunu,
287 4148 453 4224 fluminis
486 4173 530 4221 ac
563 4147 758 4246 strepitus,
793 4145 984 4240 confusio,
1019 4159 1057 4224 et
1089 4145 1234 4238 nescio,
1270 4171 1318 4219 an
1350 4143 1494 4218 flumen
1524 4143 1606 4217 anri
1631 4143 1807 4240 strepitus
1833 4165 1856 4213 a
1880 4139 1986 4214 nullo

107 4307 220 4388 pocta
251 4293 324 4368 dici
354 4293 539 4392 potuerim
579 4293 637 4368 sin
671 4293 903 4368 Boeokhium
935 4293 1146 4391 sequimur,
1177 4275 1248 4389 'qui
1280 4291 1498 4399 desperem
1521 4288 1682 4363 lectione
1708 4297 1861 4385 receptu
1886 4284 1987 4360 huno

108 4441 323 4536 genetivum
349 4465 372 4513 a
397 4441 556 4548 ῥεύματι,
589 4441 636 4514 ab
662 4441 735 4514 hoc
762 4465 890 4514 rursus
914 4443 1042 4548 χςυσοῢ
1074 4441 1226 4539 καναχῆς
1251 4437 1415 4537 pendere
1443 4436 1644 4510 ex'mmmct
1669 4471 1719 4488 -
1745 4431 1823 4525 „im
1848 4426 1990 4506 Strorue

109 4583 168 4660 deo
197 4586 442 4662 Urbermutheo
461 4585 523 4659 des
543 4585 869 4686 Goldperdascteo“
897 4629 945 4644 -
972 4589 1085 4662 etiam
1105 4588 1197 4661 haec
1218 4583 1476 4684 interpretatio
1495 4606 1628 4681 parum
1648 4580 1807 4679 simplex
1826 4577 1987 4654 videtur.

111 4726 228 4807 Immo
255 4729 475 4807 Dindorfius
500 4741 540 4804 et
564 4729 871 4808 Schneidewinns
895 4699 1071 4808 viderunt
1095 4755 1164 4832 pro
1191 4733 1367 4832 genetivo
1393 4730 1531 4828 requiri
1553 4727 1732 4822 dativum,
1759 4749 1914 4824 eamque
1934 4725 1986 4800 ob

111 4899 261 4954 ceruam
286 4877 325 4952 id
350 4877 453 4978 quod
480 4877 601 4952 estin
626 4879 733 4954 libris
758 4875 1021 4978 manuscriptis
1049 4889 1086 4952 et
1110 4879 1150 4952 in
1177 4877 1329 4954 scholiis
1353 4885 1488 4986 καναχῇ
1511 4877 1551 4951 in
1575 4881 1710 4984 καναχῇ
1728 4873 1764 4954 θ’
1782 4881 1986 4947 mutanrnt.

109 5017 251 5099 Verum
276 5049 397 5122 neque
424 5023 487 5101 ille
513 5023 679 5118 dativus,
714 5051 877 5125 quocum
901 5026 1209 5103 Schneidewinus
1233 5029 1369 5136 καναχῇ
1392 5015 1576 5126 particule
1598 5025 1637 5102 ri
1663 5045 1875 5096 connexum
1902 5043 1986 5092 esse

110 5183 231 5266 putat,
262 5177 382 5274 πολλῷ
412 5177 574 5283 ῥεύματι,
609 5175 774 5272 separari
804 5185 932 5273 potest
961 5176 1008 5249 ob
1036 5199 1082 5248 eo
1109 5162 1210 5272 quod
1234 5175 1405 5273 proxime
1432 5173 1598 5271 sequitur
1622 5165 1817 5269 participio
1843 5189 1989 5274 ugron·

113 5323 272 5425 θομένους,
298 5347 420 5422 neque
447 5325 601 5400 omnino
625 5322 700 5397 ista
724 5323 906 5419 particula
933 5321 981 5394 cd
1007 5319 1106 5394 hunc
1131 5321 1256 5395 locum
1283 5317 1567 5396 accommodate
1593 5327 1658 5391 est
1710 5313 1785 5388 Res
1805 5313 1918 5414 igitur
1937 5335 1986 5387 eo
2039 5333 2041 5338 ·

1562 5463 1585 5510 Ι
