4444 5866
1149 105 1188 157 IV

226 331 341 404 deum
375 343 559 404 vocarunt
593 331 655 427 qui
680 327 864 404 Romanis
890 326 1082 426 duppiter,
1118 327 1271 403 Umbris
1298 329 1337 402 in
1365 354 1454 404 casu
1479 327 1643 404 vocandi
1670 327 1828 427 Jupater
1853 328 2049 429 (Aufrecht
2070 359 2102 409 u

228 476 430 550 Kirehhoff
450 475 504 568 ll,
540 479 629 572 409)
663 473 784 548 dictus
820 485 887 549 est.
946 474 1169 550 Habuerunt
1201 477 1314 576 igitur
1338 476 1412 550 hoc
1439 501 1523 549 oum
1551 473 1731 550 Romanis
1758 501 1972 570 commune,
2002 481 2104 576 ¹quod

228 621 386 696 deorum
426 622 692 718 hominumque
724 621 842 718 patris
873 623 1017 695 nomini
1045 622 1118 696 hoc
1144 623 1267 720 ipsum
1294 622 1411 720 patris
1437 623 1663 696 vocabulum
1690 623 1742 697 ita
1768 605 2031 722 adjungerent,
2066 638 2105 701 ut

227 795 308 844 uon
334 770 588 844 nominativus
615 767 681 842 sed
707 769 789 865 ipsa
813 769 976 872 nominis
1004 769 1115 866 stirps
1141 794 1226 841 cum
1252 768 1317 840 illo
1343 767 1529 842 vocabulo
1557 780 1854 866 componeretur.
1906 768 1961 841 Ea
1987 783 2105 846 autem

230 917 330 1015 apud
358 915 522 991 Graecos
548 929 648 1014 M,
685 911 785 1012 apud
811 911 1004 987 Romanos
1031 913 1130 986 Βίου
1157 925 1277 1004 sonat,
1304 913 1358 985 illi
1383 914 1526 988 formae
1556 879 1777 988 sanseritum
1804 915 1880 1007 dio,
1915 915 2001 989 huic
2027 917 2106 1015 djoo

227 1063 445 1180 respondet.
498 1061 557 1134 Ex
582 1061 748 1134 breviori
773 1070 841 1136 Διΐ
860 1059 1076 1157 factumjest
1097 1073 1362 1166 ArF-orarogo-c,
1387 1072 1485 1157 post,
1515 1061 1655 1134 abolito
1683 1035 1882 1159 digammo,
1909 1065 2107 1172 Δι’ποίτυρος,

229 1222 269 1284 et
304 1212 355 1283 sic
391 1209 490 1308 apud
524 1208 772 1308 Hesychium‚
813 1207 876 1304 qui
902 1219 1057 1304 propter
1085 1208 1141 1280 sui
1166 1210 1347 1305 temporis
1373 1207 1717 1306 pronuntiationem
1742 1217 1758 1281 ι’
1783 1217 1819 1278 et
1845 1241 1870 1286 ει
1897 1210 2107 1307 saepissime

149 1425 154 1442 ,
228 1356 328 1430 inter
355 1383 395 1429 se
423 1356 601 1446 confudit,
629 1353 868 1427 scribendum
896 1355 984 1444 erit;
1013 1378 1061 1426 ex
1089 1355 1269 1452 ampliore
1295 1351 1394 1426 Diov
1420 1308 1670 1450 Diu-'ffb
1696 1317 1928 1430 contractum
1950 1357 2109 1456 Jupiter

230 1506 310 1579 sive
337 1503 521 1602 duppiter.
573 1501 629 1574 De
664 1500 946 1590 terminatione,
987 1525 1097 1596 quam
1132 1500 1170 1572 in
1204 1500 1420 1573 nominibus
1453 1501 1614 1598 propriis
1647 1505 1758 1599 paulo
1794 1475 1932 1578 diversi
1967 1506 2109 1603 generis

229 1653 455 1758 Ἀντίπατρος,
494 1650 754 1754 Κλεινόπατρος,
794 1649 994 1754 Σώπατρος,
1033 1647 1248 1752 Συσίπατρος
1272 1645 1503 1738 invenimus,
1542 1673 1619 1720 non
1647 1662 1704 1723 est
1730 1651 1830 1748 quod
1854 1653 2055 1743 miremur3
2082 1615 2109 1728 ⁴a

230 1813 355 1874 autem
390 1801 442 1873 ibi
475 1797 639 1896 positum
673 1797 739 1870 ubi
764 1809 829 1869 aut
853 1795 995 1870 nullam
1022 1807 1105 1887 sut,
1143 1807 1185 1866 ut
1210 1795 1249 1876 in
1275 1793 1483 1900 εὐπατέρεια,
1504 1823 1519 1868 ε
1537 1795 1708 1868 vocalem
1728 1811 1991 1896 exspectamus
2005 1799 2109 1872 aeoli-

229 1971 358 2020 carum
385 1971 522 2020 vocum
547 1948 747 2049 πανήγυρις,
780 1942 882 2049 σόρξ,
914 1940 1020 2039 όνυμα
1053 1954 1091 2013 et
1116 1940 1296 2013 homerici
1324 1937 1566 2043 διαπρό-στας
1590 1907 1660 2016 uos
1687 1945 1987 2020 commonefecit.
2036 1943 2109 2020 Nec

228 2091 604 2189 praetermittendum
632 2102 688 2164 est
713 2088 994 2188 Hesychianum
1021 2093 1150 2192 α’ῖτυραν
1175 2086 1276 2164 ὕαλον
1303 2087 1402 2183 quod
1428 2090 1453 2162 α’
1480 2088 1657 2187 digammi
1683 2091 1722 2162 in
1748 2091 1872 2164 locum
1898 2094 2042 2190 posito,
2072 2101 2110 2165 ut

227 2239 267 2310 in
296 2238 529 2311 Cretensium
555 2235 678 2344 οἴερσαν
704 2231 815 2342 δρόσον
841 2233 1051 2334 (Hesych.)‚
1079 2235 1195 2307 latino
1225 2233 1356 2306 vitrum
1381 2233 1622 2332 respondere,
1651 2237 1732 2332 quis
1760 2247 1816 2310 est
1843 2237 1932 2334 quin
1957 2237 2109 2312 videat?

390 2384 699 2480 Antiquissimum
725 2383 764 2456 in
791 2382 868 2454 vita
892 2381 1032 2454 rustica
1057 2405 1166 2454 usum
1192 2380 1368 2452 habuisse
1395 2380 1544 2454 videtur
1567 2383 1792 2456 vocabulum
1815 2411 1991 2484 graecum
2016 2384 2110 2484 quod

230 2527 270 2598 in
296 2527 451 2600 Hesiodi
479 2527 666 2626 Operibus
693 2527 888 2624 quinquies
914 2537 1230 2600 commemoratur
1249 2514 1387 2611 ’καλινί

648 2673 802 2779 ἐργάζευ,
829 2673 956 2776 Πέρση,
983 2669 1046 2747 δῖον
1069 2669 1173 2774 γένος,
1199 2671 1290 2777 όφρα
1315 2703 1355 2746 σε
1374 2670 1481 2766 Λιμός

647 2820 804 2928 ἐχθαίρῃ,
831 2822 930 2928 φιλέῃ
957 2816 991 2896 δέ
1017 2824 1047 2896 σ“
1074 2821 1276 2918 ἐϋστέφανος
1300 2821 1455 2926 Δημήτηρ

648 2964 760 3060 αίδοίνν,
788 2969 903 3064 βιότου
928 2964 963 3044 δέ
987 2971 1059 3056 τενίν
1085 2972 1258 3066 πιμπλέίσι
1290 2969 1455 3056 καλιήν.
1483 2994 1516 3040 ν.
1539 2971 1627 3041 299·
1684 3015 1689 3023 -

648 3171 656 3186 .
704 3132 717 3186 ’.
770 3171 778 3188 .
805 3107 857 3191 σοί
882 3110 908 3192 δ’
933 3115 1019 3222 ἔργα
1044 3120 1117 3214 Φίλ’
1143 3115 1229 3194 ἔστω
1254 3121 1372 3222 μέτρια
1396 3125 1538 3214 κοσμεῖν,

645 3262 686 3348 ὥς
711 3264 750 3340 κε’
774 3293 822 3340 τοι
848 3265 963 3370 ὠραίου
988 3265 1103 3359 βιότου
1127 3263 1286 3352 πλήθωσι
1311 3271 1475 3337 καλιαί.
1502 3287 1535 3336 v.
1564 3264 1635 3335 307

646 3408 745 3498 Μηδὲ
769 3412 850 3512 ’γυνή
874 3443 914 3487 σε
939 3411 1004 3488 νόον
1027 3411 1240 3512 πυγοστόλος
1265 3408 1479 3511 έξαπατοίπυ

648 3559 784 3654 αἱμύλα
808 3567 1035 3660 κωτίλλουσα,
1061 3562 1132 3648 ταῖν
1158 3555 1292 3656 διφῶσα
1317 3557 1482 3638 καλννὶν.
1520 3581 1555 3626 υ.
1583 3557 1655 3628 372

648 3707 702 3780 Οὐ
725 3704 795 3811 γοόρ
820 3706 1030 3812 ότυσιοεργός
1055 3709 1133 3814 α’ννίρ
1157 3717 1329 3803 πίμπλησι
1354 3705 1519 3790 καλιήν.
1547 3727 1582 3774 v.
1609 3703 1681 3776 409

647 3855 721 3928 Ot’m
746 3860 808 3929 αίεί
832 3852 931 3957 θέρος
956 3857 1122 3956 ἐσσεῖται,
1147 3853 1299 3930 ποιεῖσθε
1324 3853 1494 3936 τιαλιοίς.
1524 3876 1556 3922 v.
1585 3853 1656 3923 503

228 3991 281 4066 Hi
314 4020 446 4070 versus
479 3995 593 4096 vulgo
624 3997 677 4070 sie
711 3998 946 4096 explicantur
979 4010 1021 4072 ut
1052 4024 1087 4072 v.
1116 4003 1187 4072 372
1223 4011 1262 4072 et
1295 4001 1366 4072 503
1400 3997 1553 4072 domum
1579 3997 1642 4070 vel
1667 4022 1808 4090 cosam,
1841 3998 1993 4094 reliquis
2019 3993 2107 4068 locis

227 4138 406 4214 horreum
440 4142 641 4241 significari
675 4142 810 4218 dicant.
872 4143 1147 4234 Quaerentibus
1174 4157 1310 4237 autem,
1338 4144 1426 4242 quid
1453 4144 1501 4218 ad
1528 4144 1752 4218 vocabulum
1778 4155 1948 4218 nostrum
1975 4164 2108 4242 cogno·

228 4287 409 4360 scendum
442 4289 504 4362 vel
534 4289 744 4364 lexicorum
776 4303 945 4365 veterum
979 4291 1199 4366 auctoritate
1239 4291 1301 4364 vel
1332 4292 1489 4364 aliorum
1529 4291 1753 4388 scriptorum
1783 4315 1855 4364 usu
1882 4289 2108 4388 adjuvemur,

227 4415 370 4512 primus
403 4417 465 4514 qui
497 4429 584 4515 post
617 4417 826 4492 Hesiodum
860 4445 906 4494 eo
940 4446 1030 4494 usus
1064 4421 1111 4494 sit
1136 4421 1248 4494 nobis
1275 4421 1435 4494 occurrit
1462 4419 1493 4492 is
1521 4420 1580 4492 cui
1607 4419 1676 4494 sub
1703 4418 1920 4518 Phocylidis
1948 4417 2108 4504 nomine,

228 4563 324 4638 falso
353 4562 504 4660 quidem
529 4576 571 4638 ut
597 4565 756 4656 videtur,
783 4565 965 4642 debemus
992 4593 1142 4642 versum
1168 4565 1502 4666 pseudophocylid.
1531 4570 1580 4642 84

648 4708 732 4809 μννδέ
756 4745 804 4799 τις
830 4712 962 4821 ὄρνιθας
987 4717 1106 4804 καλινῖς
1131 4713 1366 4814 ἅμαπνίντας
1391 4714 1525 4794 έλέσθυ

227 4857 290 4932 cui
317 4857 450 4932 similis
477 4870 534 4934 est
560 4855 750 4932 Theocriti
775 4885 906 4934 versus
933 4861 1108 4934 carminis
1133 4859 1270 4953 XXIX,
1300 4863 1344 4934 12

647 5015 782 5091 ποίησαι
808 5011 924 5098 ααλιιῐν
948 5021 1027 5106 μιάν
1053 5015 1094 5084 είν
1120 5010 1164 5085 ἑνί
1188 5005 1315 5115 δενδρέῳ

227 5149 268 5227 in
300 5163 458 5250 utroque
493 5153 593 5226 enim
625 5153 732 5230 καλιαί
756 5167 898 5230 mutata
924 5156 1132 5252 quantitate
1157 5179 1228 5232 neo
1255 5153 1400 5247 domus,
1426 5179 1496 5228 nec
1524 5154 1660 5246 horrei,
1688 5151 1755 5228 sed
1781 5151 1860 5227 nidi
1886 5151 1961 5226 vim
1988 5146 2107 5222 habet
