4444 5866
1065 212 1094 261 V

921 293 1232 302 .-.-—-.-..-.-·—--—--

119 440 315 536 ἐπιχιγείεες
347 434 526 538 (Hcsyoh.
553 430 677 528 ἐιέεές)
713 433 762 508 ab
794 437 972 536 ἐπιχήπιις,
1007 447 1141 544 Κριτίας
1174 461 1198 508 a
1221 434 1344 544 κριτής,
1370 409 1504 521 Φιιείαε
1538 459 1560 510 a
1592 393 1944 529 anastasificus
1971 439 2029 512 vir
2114 531 2119 542 ι

116 583 375 659 doctissimus
402 582 692 673 demonstravit,
727 579 861 655 eodem
888 581 1099 664 advenam
1133 581 1236 654 illam
1269 579 1485 678 superbiam
1521 581 1796 682 designandam
1828 585 2029 692 durgmtcr

118 753 140 800 a
168 730 304 830 magis
331 729 486 830 vulgato
521 729 706 837 ὑπερόπτης
732 725 933 801 deductum
963 753 1046 808 esse
1073 727 1314 821 crediderim,
1349 751 1578 825 versumque
1606 729 1658 802 sic
1690 729 1730 802 in
1762 743 1930 804 nostram
1960 732 2030 806 lin·

118 900 245 974 guam
279 875 551 950 converterim:
592 873 642 946 im
669 871 897 972 Goldyeklirr
921 871 1122 948 nutrirat

556 1049 590 1095 v.
619 1021 692 1094 584
744 1019 789 1105 οἷς
813 1020 884 1124 ‘peip
910 1016 950 1096 οἷν
975 1017 1099 1128 σεισθῇ
1123 1017 1246 1098 θεόθεν
1270 1014 1381 1122 direct,
1404 1017 1513 1105 ι’ἐπας

747 1161 858 1244 οὐδὲν
884 1169 1070 1244 ἐλλείπει
1095 1169 1211 1268 γενεαῖς
1235 1169 1291 1244 ἐπί
1315 1165 1451 1255 πλῆθος
1475 1169 1607 1273 ἕρποι.

294 1309 441 1386 Horum
467 1311 671 1388 verborum
698 1327 924 1388 structuram
950 1315 1176 1410 interpretes
1203 1312 1334 1388 iinon
1361 1315 1452 1388 satis
1478 1327 1770 1414 perspexerunt,
1798 1318 1861 1416 qni
1886 1317 2028 1413 deuna,

118 1456 348 1532 mirandum
384 1483 466 1533 esse
499 1457 601 1557 quod
633 1455 841 1558 Sophocles
866 1487 946 1534 non
978 1460 1140 1567 ἑρπούσης
1166 1459 1366 1559 scripserit.
1418 1457 1533 1552 Nam,
1561 1461 1594 1536 si
1620 1461 1709 1558 quid
1733 1460 1868 1556 video,
1900 1463 1954 1541 ita
1977 1489 2027 1540 ne

12 1625 13 1642 ¹
118 1603 260 1702 potrnit
285 1603 436 1702 quidem
462 1605 638 1679 scribere.
676 1603 847 1682 Verbum
874 1607 975 1681 enim
1001 1611 1147 1686 ἐλλείπει
1172 1631 1251 1681 non
1274 1631 1344 1704 per
1371 1631 1411 1680 se
1432 1606 1598 1704 positum
1619 1619 1687 1700 est,
1713 1632 1836 1706 neque
1855 1609 1898 1687 id
1907 1611 2027 1710 signi·
2109 1687 2113 1695 ,

12 2150 15 2206 ί

120 1749 240 1844 sicat,
276 1751 378 1850 quod
410 1747 620 1826 Ellendtius
654 1753 793 1846 voluit,
828 1755 1028 1852 ‚reliquum
1060 1755 1131 1849 fit,‘
1171 1755 1237 1830 sed
1273 1778 1357 1828 cnm
1383 1751 1581 1850 participio
1609 1753 1799 1851 aptissime
1826 1755 2026 1832 cohaeret:

125 1893 224 1976 otta
250 1897 337 1984 οέιιις
364 1902 509 1978 ἐλλείπει
534 1899 638 2006 ἕρποι.
690 1897 822 1974 Potest
854 1911 978 1974 autem
1004 1910 1186 2005 ἐλλείπειν,
1220 1900 1284 1974 ubi
1318 1897 1524 1974 desistendi
1548 1899 1626 1972 vim
1653 1899 1784 1994 habet,
1821 1900 2028 1976 secundum

124 2045 313 2126 παύεσθαι
344 2046 452 2120 verbi
487 2045 699 2144 analogiam
732 2045 794 2119 vel
829 2069 914 2120 cnm
947 2045 1135 2122 infinitivo
1169 2047 1231 2122 vel
1258 2069 1343 2120 oum
1369 2045 1565 2144 participio
1593 2047 1780 2148 conjungi.
1832 2047 1915 2122 Hoc
1941 2049 2027 2127 loco

129 2218 224 2266 cum
256 2193 452 2292 participio
488 2192 731 2290 conjunctum
766 2204 824 2266 est
855 2203 897 2266 ut
928 2193 968 2266 in
1001 2191 1154 2268 decreto
1187 2189 1458 2266 Demosthenis
1495 2193 1658 2268 orationi
1690 2193 1737 2270 de
1765 2219 1906 2290 corona
1931 2194 1951 2294 ξ
1979 2195 2026 2270 92

128 2341 279 2416 inserto
312 2351 369 2418 καί
400 2344 431 2417 ἐι
462 2343 510 2438 τῷ
540 2340 631 2438 μεπιέ
655 2343 772 2416 ταῦτα
796 2341 883 2416 alda
908 2342 1010 2416 παιπέ
1034 2342 1093 2416 oria
1118 2343 1273 2436 ἐλλείψει
1299 2341 1502 2446 criminals
1526 2350 1585 2419 ααί
1608 2343 1707 2420 ποιέἐι
1730 2339 1750 2420 ὅ
1773 2371 1806 2420 τι
1832 2340 1873 2424 οἷο
1898 2339 2028 2432 δύνασαι

132 2486 286 2590 ἀγαθόν.
325 2485 498 2560 Eundem
523 2511 632 2560 usum
660 2485 809 2584 saepius
835 2483 1057 2565 ἐλλείπεσθαι
1084 2485 1214 2578 habet,
1242 2485 1346 2560 velut
1372 2484 1475 2584 apud
1499 2483 1794 2584 Xenophontem
1820 2485 2026 2562 Memorab.

132 2633 181 2728 Π,
211 2637 246 2728 6,
273 2639 294 2708 5
322 2635 502 2731 φιλόνεικος
526 2633 606 2743 weit
631 2634 670 2711 τέ
695 2633 743 2731 μὴ
768 2631 992 2712 ἐλλείπεσθαι
1017 2624 1054 2710 εὖ
1078 2636 1175 2710 aaa
1199 2632 1276 2718 οοές
1299 2633 1551 2736 εὐεργετοῦνται
1576 2635 1687 2710 αὐτόν.
1727 2629 1852 2724 Quare
1879 2645 2027 2710 senten·

132 2782 189 2855 tia
212 2805 354 2856 ¹versus
385 2781 592 2856 haerente
629 2780 733 2854 nulla
763 2804 852 2878 pars
885 2781 974 2854 mali
1008 2781 1047 2854 in
1080 2779 1197 2879 prolis
1228 2777 1506 2854 multitudinem
1540 2801 1691 2876 serpere
1717 2777 1891 2871 desistet3
1931 2803 2026 2878 quae

132 2939 337 3028 propterea
369 2926 590 3027 gravissima
616 2923 801 3022 estquod
827 2923 902 2998 duo
928 2927 967 2998 in
994 2951 1110 3000 unum
1137 2926 1338 3024 conjuncta
1364 2937 1474 3013 sunta
1510 2925 1556 2998 iis
1581 2919 1694 3032 nulla.
1711 2951 1799 3024 pars
1824 2927 1915 3003 mali
1940 2953 2027 3019 con·

133 3070 338 3147 donabitur
365 3083 403 3146 et
429 3095 560 3145 eorum
585 3069 648 3144 vel
673 3070 713 3142 in
737 3081 913 3166 posteros
938 3070 1080 3142 malum
1106 3082 1241 3167 serpet.

554 3242 588 3290 v.
617 3217 688 3290 765
742 3239 827 3288 cum
854 3211 1161 3288 Schneidewinus
1186 3226 1344 3314 negaret
1606 3291 1609 3298 ,

738 3363 780 3450 dr
805 3374 871 3447 τοῖς
897 3361 1037 3442 θέλευσι
1062 3362 1124 3440 vlt
1149 3369 1259 3457 Φίλαι
1281 3369 1379 3468 μαίνῃ
1402 3359 1500 3463 fortir

138 3493 249 3624 μαίεῃ,
275 3512 375 3612 quod
400 3513 537 3611 legitur
561 3512 600 3584 in
622 3510 697 3602 La,
725 3534 770 3584 eo
798 3533 910 3584 sensu
937 3506 1020 3600 dici,
1048 3531 1159 3605 quem
1185 3505 1389 3584 scholiasta
1413 3507 1534 3582 verbo
1560 3505 1711 3600 tribuat,
1737 3509 1782 3595 είς
1806 3517 1904 3616 μαίνῃ
1929 3511 2026 3618 magd

138 3675 205 3748 ποίς
234 3669 345 3760 φίλοις
376 3671 442 3745 rolf
473 3658 630 3738 θέλουσιν
660 3657 828 3754 ἐπομελιαι
862 3656 917 3742 nir
943 3656 1001 3744 σοῖν
1025 3659 1164 3757 μαιίαν,
1196 3652 1394 3730 immemor
1419 3651 1490 3728 fuit
1514 3677 1691 3730 versuum
1720 3655 1804 3748 760,
1832 3656 1902 3730 761

971 3805 1013 3888 είς
1037 3805 1113 3880 κατ’
1138 3799 1266 3900 ὄμματ’
1290 3802 1417 3878 αὐτίκα

685 3952 822 4058 nuptm
846 3949 976 4059 θιιῐσιιῃ
1008 3993 1058 4004 -
1083 3957 1216 4036 πλησία
1241 3955 1289 4046 τῷ
1312 3953 1451 4048 mavia.

140 4099 286 4194 Quibus
312 4103 438 4178 verbis
465 4125 549 4178 cum
576 4097 699 4174 Creon
727 4096 966 4196 colloquendi
991 4097 1106 4172 finem
1134 4097 1258 4189 saciat,
1283 4094 1378 4170 nihil
1402 4095 1525 4194 aptius
1552 4105 1643 4188 erat,
1670 4119 1781 4193 quam
1806 4091 2024 4190 Haemonis,

139 4260 314 4348 quattuor
348 4247 464 4346 patris
497 4246 668 4321 versibus
701 4255 878 4344 quattuor
911 4269 1040 4318 rursus
1075 4243 1247 4318 versibus
1273 4239 1558 4342 respondentis,
1592 4249 1784 4338 postrema
1809 4240 1926 4315 verba
1951 4241 2024 4319 illis

140 4396 273 4470 similia
306 4394 441 4467 facere.
493 4391 622 4491 ltaque
657 4415 779 4490 neque
814 4389 861 4466 ab
897 4390 1027 4488 optimi
1059 4389 1198 4466 codicis
1229 4387 1323 4482 fide,
1355 4409 1478 4486 neque
1505 4411 1528 4458 a
1554 4385 1778 4460 scholiastae
1805 4387 2023 4486 interpreta-

139 4541 241 4616 tione
269 4536 537 4615 discedendum
565 4539 644 4612 erit.

295 4685 415 4760 Paulo
449 4683 587 4759 diutius
620 4679 991 4757 commemorandum
1019 4679 1089 4754 erit
1113 4679 1151 4752 in
1179 4681 1342 4756 carmine
1368 4678 1522 4754 ‘chorico
1549 4678 1650 4777 quod
1675 4681 1811 4780 legitur
1839 4705 1861 4753 a
1886 4705 1921 4754 v.
1949 4683 2022 4754 944

140 4841 258 4916 usqne
286 4815 332 4888 ad
358 4841 393 4892 v.
413 4813 505 4896 987.
557 4809 647 4909 Ejus
681 4811 781 4884 enim
812 4810 852 4884 in
884 4808 1040 4907 stropha
1070 4806 1234 4890 secunda
1265 4809 1405 4882 multae
1440 4817 1588 4884 restant
1619 4807 1867 4884 difficultates.
1919 4807 2022 4884 Libri

142 4961 394 5059 manuscripti,
422 4971 464 5036 ut
489 4957 653 5034 minores
681 4955 950 5056 discrepantias
978 4954 1159 5048 omittam,
1185 4955 1279 5030 haec
1305 4955 1468 5028 habent:

608 5108 704 5210 uacci
730 5101 764 5184 δι’
791 5101 936 5182 Κυαιέιιν
960 5098 1134 5200 πελαγίαν
1158 5107 1281 5209 πετρῶν
1306 5098 1444 5203 διδύμας
1468 5105 1553 5192 ιέλός

608 5254 712 5332 οέαταί
736 5251 913 5358 Βοσπόριαι
938 5244 976 5327 ld'
1002 5250 1019 5326 ὁ
1045 5250 1179 5356 Θςῃιιιέν
