4520 5896
381 941 449 996 tatis
468 939 610 1002 Graecae,
639 940 683 994 cui
704 939 877 996 I'ritaschius
901 947 1025 1011 praeest,
1051 941 1193 996 seminarii
1218 939 1289 1012 regii
1308 939 1485 1011 philologici,
1510 941 1601 995 socius
1626 940 1667 995 fui
1685 947 1775 997 extra·

380 1027 545 1092 ordinarius,
564 1026 707 1083 seminarii
726 1025 962 1097 paedagogorum,
982 1027 1026 1080 cui
1045 1025 1225 1081 Ecksteiuius
1243 1026 1404 1098 praefectus
1422 1031 1473 1092 est,
1493 1026 1586 1082 socius
1604 1027 1768 1084 ordinarius.

382 1115 617 1185 Praeceptoribus
642 1114 770 1170 omnibus
794 1115 901 1184 gratias
925 1129 978 1183 ago
998 1127 1082 1180 quarn
1100 1129 1211 1182 possum
1232 1111 1384 1168 maximas*
1402 1143 1435 1152 —
1454 1110 1572 1184 Scripsit
1599 1113 1773 1174 Quaestione

383 1203 414 1255 dc
433 1202 548 1254 dialecto
571 1199 685 1254 Cretico.

451 1284 686 1342 FBIDERICUS
704 1283 902 1340 RICARDUS
922 1280 1077 1338 sAcHsn.
1103 1283 1166 1337 ‘Die
1184 1281 1292 1340 XXIV.
1312 1286 1414 1340 mensis
1427 1285 1485 1340 Mai
1497 1302 1522 1341 a.
1536 1285 1562 1341 h.
1578 1302 1598 1338 s.
1611 1284 1769 1343 XXXXVI

383 1379 468 1428 natus
488 1389 547 1426 sum
571 1371 745 1426 Wachaviae
763 1371 792 1423 in
811 1371 872 1426 eleo
890 1386 975 1439 prope
996 1366 1121 1438 Lipsiam
1140 1369 1202 1436 sito,
1227 1369 1276 1424 ubi
1294 1375 1375 1440 pater
1393 1371 1588 1443 ludimagister
1606 1371 1667 1425 fuit.
1705 1376 1774 1426 Cum

384 1475 435 1528 per
452 1463 515 1512 octo
533 1473 621 1512 annos
639 1473 657 1510 a
674 1463 756 1524 patre
767 1455 910 1510 iustitutus
924 1471 1021 1518 essem,
1035 1469 1123 1509 annos
1134 1461 1218 1508 natus
1231 1457 1464 1525 quattuordecim,
1483 1457 1595 1512 scholae
1608 1457 1773 1512 Thomanas

382 1543 528 1612 discipulis
552 1542 695 1612 adcriptns
718 1545 791 1594 sum.¹
824 1540 913 1594 Mens.
933 1539 1025 1610 Aprili
1050 1556 1075 1594 a.
1100 1540 1126 1594 h.
1145 1558 1168 1594 s.
1188 1539 1285 1596 LXVI
1310 1541 1412 1614 dignus
1431 1542 1561 1606 habitus,
1587 1543 1635 1613 qui
1658 1544 1686 1597 in
1711 1561 1774 1600 aca-

386 1629 480 1684 demia
500 1628 538 1682 ad
557 1629 706 1682 litterarurr
725 1627 819 1680 studia
836 1643 880 1680 me
898 1626 1070 1696 applicarem
1084 1626 1157 1680 inter
1169 1626 1244 1680 cives
1257 1627 1420 1682 academiae
1432 1627 1588 1698 Lipsiensis
1601 1629 1774 1685 clarissimae

382 1715 488 1770 relatus
507 1731 568 1768 sum
581 1719 609 1766 et
621 1712 717 1766 audivi
734 1714 807 1766 siros
823 1711 995 1766 doctissimos
1010 1711 1183 1776 Broclsbaus,
1203 1713 1323 1778 Curtius,
1343 1712 1493 1780 Drobisoh,
1512 1712 1657 1780 Eckstein,
1677 1715 1773 1772 Hilde-

381 1801 480 1864 hrand,
505 1799 598 1866 Klots,
623 1799 734 1864 olisius,
762 1797 870 1864 Notae,
895 1796 1044 1860 Pueckert,
1067 1795 1187 1863 Bitschl,
1214 1797 1352 1866 Roscher,
1378 1798 1519 1868 Sabeone,
1545 1799 1636 1872 Voigt,
1656 1800 1774 1869 Weisse,

382 1887 509 1952 Wenclr,
538 1883 671 1952 Wuttke,
700 1881 842 1948 Zarnclre,
875 1881 978 1951 quibus
1004 1882 1132 1936 omnibus
1159 1900 1269 1955 semper
1296 1885 1406 1942 habebo
1434 1887 1541 1954 gratier
1559 1886 1718 1940 'maximas'
1742 1916 1773 1926 -

383 1970 501 2042 Scripsit
519 1970 559 2024 De
578 1971 694 2024 carmine
712 1967 813 2020 Iliadis
831 1969 902 2036 quod
921 1966 1107 2020 Luclmouaus
1126 1969 1202 2021 XVI
1217 1987 1271 2023 ssse
1290 1970 1379 2021 uoluit.

449 2055 650 2112 ERNESTUS
669 2051 777 2108 EUGO
797 2050 962 2106 BERGER.
1000 2051 1100 2108 ‘Natus
1124 2071 1184 2108 sum
1204 2053 1298 2110 Gerae
1317 2055 1360 2110 die
1379 2054 1420 2109 VI
1439 2057 1541 2110 mensis
1560 2053 1688 2110 Octobris
1706 2060 1774 2113 anni

383 2140 652 2202 MDCCCXXXVI,
671 2145 752 2210 patre
769 2137 860 2192 Fried.
880 2138 956 2207 Aug.
974 2137 1105 2210 Bergero,
1125 2140 1305 2212 lithographo
1323 2148 1351 2194 et
1369 2143 1438 2194 artis
1457 2140 1617 2196 delineandi
1630 2143 1773 2212 magistro,

381 2245 436 2300 qno
455 2229 527 2283 duce
545 2230 590 2280 vix
608 2242 726 2296 puerum
747 2239 790 2276 me
808 2222 899 2276 fatum
917 2225 1044 2292 privavit.
1081 2227 1228 2280 Institutus
1247 2226 1347 2281 deiude
1365 2229 1492 2294 Lipsiae,
1518 2242 1573 2296 quo
1599 2232 1680 2296 pater
1702 2243 1774 2282 oom-

382 2317 561 2386 migrarerat,
583 2313 612 2366 in
630 2311 777 2383 gymnasio
789 2306 828 2361 St.
843 2307 969 2364 Thomas
987 2309 1016 2362 in
1035 2309 1089 2364 hac
1107 2319 1203 2366 nostra
1220 2313 1367 2368 academia
1386 2312 1544 2381 theologiae
1563 2317 1591 2365 et
1602 2311 1775 2382 philologiae

381 2401 506 2454 studium
532 2399 620 2464 colui,
648 2399 697 2452 sed
721 2413 782 2450 mox
808 2399 936 2463 egestate
958 2410 1106 2464 oppressus
1134 2403 1248 2453 coactus
1275 2417 1335 2453 sum
1358 2404 1390 2452 ut
1414 2396 1522 2452 studiis'
1540 2398 1644 2452 relictis
1668 2399 1774 2452 rictum

383 2501 561 2556 quaererem,
585 2483 672 2538 donec
695 2482 792 2538 melior
809 2484 863 2536 iam
883 2483 995 2538 fortuna
1013 2481 1156 2536 literarum
1176 2487 1296 2556 vestigia
1315 2485 1498 2554 persequendi
1518 2489 1686 2554 potestatem
1705 2483 1773 2538 mibi

381 2570 520 2627 restituit'
540 2599 571 2610 -
590 2569 737 2639 Proposuit
755 2567 857 2622 librum
875 2569 927 2622 Dis
944 2568 1168 2636 geographissiea
1187 2569 1345 2639 Fragments
1365 2572 1410 2624 des
1428 2570 1576 2640 Hipporol.

451 2654 660 2712 AUGUSTUS
685 2652 826 2708 ADOLF.
846 2643 992 2708 KROHN.
1028 2651 1128 2708 ‘Natus
1153 2673 1213 2709 sum
1239 2672 1263 2709 a.
1289 2657 1314 2710 d.
1340 2657 1380 2714 IV
1405 2656 1457 2711 eal.
1482 2656 1540 2712 lul.
1565 2657 1632 2710 anni
1657 2657 1724 2711 1840
1745 2657 1774 2710 in

381 2744 468 2799 fundo
490 2749 607 2813 paterno
625 2739 801 2796 Brusendorf
821 2740 850 2793 in
873 2738 1003 2792 Marohia
1026 2736 1295 2812 Brandenburgensi
1317 2743 1378 2796 sito.
1414 2743 1512 2797 Fidem
1536 2739 1667 2812 profiteor
1691 2759 1773 2808 evan·

382 2830 511 2899 gelisam.
553 2829 679 2882 Primum
709 2826 738 2880 in
762 2824 860 2880 schola
885 2824 956 2878 reali
980 2823 1247 2898 Brandenburgensi
1272 2829 1420 2884 instItutus
1443 2836 1541 2900 postea
1565 2845 1615 2898 per
1640 2834 1774 2897 quattuor

381 2934 469 2971 annos
487 2915 629 2986 gymnasii
648 2909 825 2980 disciplinam
845 2909 874 2962 in
893 2909 991 2962 eadem
1011 2909 1080 2965 urbe
1099 2914 1246 2980 sequebar,
1266 2915 1340 2970 uude
1353 2915 1517 2970 Berolinum
1535 2915 1677 2987 proiectus
1695 2913 1772 2968 illus-

381 3002 576 3070 trissimaeque
601 2995 792 3052 uniuersitatis
818 2995 887 3047 ciris
909 3001 1070 3064 assumptus
1094 2995 1300 3068 philosophiae,
1325 3000 1459 3054 historiae
1484 3007 1512 3054 et
1530 3001 1703 3070 philologiae
1721 3015 1771 3070 per

381 3075 488 3156 septeni
511 3084 657 3139 semestris
680 3097 793 3152 operam
815 3079 925 3132 navari.
963 3079 1080 3136 Publico
1098 3081 1163 3135 dein
1182 3083 1336 3138 tentamine
1354 3085 1482 3139 absoluto
1500 3087 1576 3154 apud
1595 3085 1770 3138 academiam

381 3177 540 3242 equestrem
564 3165 781 3238 Brandenburgi
811 3164 953 3221 florentem
977 3166 1105 3236 magistri
1129 3168 1190 3224 rice
1213 3167 1353 3240 fungebar
1375 3171 1589 3240 nuperrimeque
1611 3170 1640 3222 iu
1659 3170 1772 3241 collegii

379 3257 536 3329 legitimum
559 3255 685 3309 ordinem
710 3251 842 3306 discessi.⁸
861 3281 894 3289 -
912 3251 1081 3307 Dissertatio
1099 3253 1160 3322 ejus
1178 3253 1313 3324 inscripta
1332 3262 1373 3310 est
1395 3255 1570 3314 Quaestiouss
1590 3257 1752 3308 I'Intooicos.

451 3339 658 3396 CHARISIUS
677 3335 829 3393 PULIUS.
865 3335 956 3392 Natus
982 3343 1026 3390 est
1044 3337 1161 3393 Selittae
1186 3339 1215 3392 in
1236 3339 1403 3396 Macedonia
1425 3358 1498 3396 anno
1523 3342 1549 3396 h.
1574 3359 1594 3396 s.
1619 3339 1770 3394 XXXXV.

382 3430 451 3484 Cum
475 3429 610 3483 tredecim
638 3439 725 3478 annos
749 3429 848 3493 ageret
870 3423 906 3476 ad
929 3427 1061 3492 patruum
1085 3423 1326 3495 archiepiscopum
1345 3425 1568 3482 Mantinsensem
1587 3427 1725 3482 deductus
1744 3431 1773 3480 et

381 3517 418 3571 ab
443 3533 475 3580 eq
500 3515 528 3568 in
553 3510 693 3585 gymnasii
717 3507 886 3578 Tripolitani
911 3508 1088 3578 disciplinam
1115 3509 1235 3564 traditus
1258 3518 1307 3566 est
1349 3512 1453 3568 Eodem
1479 3518 1579 3583 patruo
1602 3517 1718 3582 patrono
1745 3517 1773 3565 et

381 3603 453 3656 duce
471 3616 496 3654 a.
517 3599 543 3652 h.
563 3615 584 3651 s.
604 3595 700 3650 LXIV
720 3595 849 3650 Athenas
866 3610 896 3648 se
916 3595 1048 3660 contulit,
1072 3595 1167 3664 ibique
1187 3597 1375 3652 universitatis
1395 3599 1502 3653 civibus
1521 3600 1681 3668 adscriptus
1700 3599 1772 3652 viros

381 3687 553 3741 doctissimos
573 3683 736 3751 Philippum
753 3681 872 3736 toannn
890 3685 919 3735 et
935 3679 970 3735 N.
990 3678 1115 3735 Cotaiam
1135 3680 1350 3753 philosophiam,
1368 3684 1422 3738 Ad.
1437 3683 1634 3754 Rhusopulum
1647 3681 1771 3736 Graeca·

378 3791 440 3827 rum
464 3772 620 3825 litterarum
643 3767 787 3821 historiam
811 3767 970 3832 docentem,
1007 3767 1043 3820 D.
1070 3767 1298 3838 Mauropbryden
1322 3775 1349 3822 st
1373 3768 1399 3822 S.
1425 3769 1594 3824 Phintialem
1624 3770 1772 3839 scriptores

381 3857 505 3914 Graecos
528 3857 759 3924 interpretantes,
783 3851 817 3904 D.
838 3849 1017 3906 Semetelium
1040 3859 1128 3908 artem
1153 3859 1277 3908 veterum
1303 3852 1492 3922 rhythmicam
1516 3861 1544 3908 et
1567 3855 1711 3909 metricam
1730 3871 1774 3907 ex·

379 3950 540 4015 ponentem,
567 3939 649 3994 Alex.
668 3937 846 4007 Rhaugaben
871 3937 1095 4007 archaeelogiam
1120 3944 1148 3992 et
1170 3941 1353 4009 antiquitates
1379 3937 1550 3994 Graecorum
1575 3939 1774 4008 explicantem,

381 4027 479 4099 Steph.
505 4023 690 4082 Cumanuden
716 4021 841 4091 linguam
866 4022 982 4077 latinam
1006 4029 1035 4077 et
1057 4025 1204 4093 scriptores
1225 4023 1365 4080 Romanos
1387 4025 1589 4088 illustrantem,
1612 4023 1683 4078 Eud.
1707 4022 1774 4078 Cas·

381 4114 496 4168 torchae
523 4107 773 4181 encyclopaediam
796 4107 1008 4180 philologicam,
1036 4107 1103 4165 Her.
1131 4111 1281 4182 Metsopuli
1304 4111 1462 4182 geologiam
1486 4115 1514 4166 et
1541 4109 1710 4182 acologiam,
1742 4109 1773 4164 C.

379 4197 620 4269 Paparrhegopuli
644 4195 787 4250 historiam
807 4192 959 4261 Graecam,
986 4193 1021 4248 D.
1041 4195 1213 4253 Bernadaois
1231 4197 1373 4250 historiam
1392 4196 1568 4269 generalem,
1593 4195 1629 4250 D.
1648 4196 1773 4266 Strumpi

381 4285 528 4355 physicen,
546 4285 580 4338 B.
600 4282 722 4338 Laconis
740 4279 879 4335 mathesin
898 4281 1013 4334 audivit.
1050 4281 1162 4338 Relicta
1180 4285 1273 4354 patria
1290 4299 1315 4337 a.
1335 4282 1362 4336 h.
1382 4301 1402 4335 s.
1421 4281 1534 4336 LXVII
1554 4281 1679 4351 Lipsism
1698 4281 1774 4346 adiit,

380 4371 428 4424 ubi
448 4369 606 4436 Ritschelii,
622 4369 737 4434 Klotnii,
757 4365 791 4420 G.
811 4365 908 4434 Curtii,
928 4365 961 4422 V.
981 4367 1086 4439 Voigtii
1105 4368 1272 4423 lectionibus
1290 4367 1422 4423 interfuit.
1460 4366 1531 4422 Cum
1549 4367 1679 4423 omnibus
1693 4382 1772 4435 prae·

381 4453 540 4524 ceptoribus
554 4456 610 4508 suis
624 4462 683 4508 tum
697 4452 862 4522 Theophani
874 4470 1043 4510 summorum
1056 4455 1108 4508 sibi
1120 4453 1319 4509 beneficiorum
1332 4456 1440 4510 auctori
1453 4469 1577 4508 summas
1588 4455 1695 4524 gratias
1705 4455 1773 4523 agit.

379 4537 497 4608 Scripsit
512 4537 620 4594 Graece
632 4541 701 4608 Hspl
718 4540 764 4605 τῆς
781 4539 932 4606 καταγωγῆς
948 4541 999 4592 scis
1017 4539 1061 4592 sis
1075 4538 1205 4608 ‘attissa
1223 4543 1268 4594 aot
1283 4559 1358 4594 τινων
1375 4533 1451 4605 ἠθῶν
1465 4543 1508 4592 sai
1520 4542 1593 4592 idcir
1606 4533 1692 4591 stass
1702 4536 1770 4608 perui

378 4625 592 4693 sopcilqlsopsori
611 4623 676 4694 rapis
692 4645 726 4678 τα
743 4627 795 4678 scir
811 4626 937 4696 ἀρχαίαν.

452 4710 641 4766 ARMINIUS
660 4709 807 4766 WOLFI'.
845 4714 928 4767 Anno
947 4713 973 4766 h.
993 4730 1013 4765 s.
1033 4711 1180 4766 XXXXII
1198 4715 1227 4766 in
1244 4712 1332 4768 fundo
1349 4727 1431 4782 quern
1450 4719 1532 4781 pater
1556 4711 1771 4765 administrabat

381 4797 577 4862 Peruschensi,
596 4800 623 4852 in
637 4796 737 4852 Silesia
749 4801 810 4867 sito,
828 4807 911 4854 natus
925 4807 972 4855 est.
1000 4797 1164 4867 Discipulus
1176 4798 1229 4852 fuit
1241 4799 1381 4868 gymnasii
1393 4797 1612 4852 Vratislavensis
1626 4795 1775 4850 adsedem
