4444 5866
7 719 9 796 I

1061 115 1101 164 lx

131 325 386 404 commotioris
414 331 624 404 saltationis
650 355 802 423 nomen,
829 331 877 404 ad
903 333 1005 405 illam
1021 334 1227 446 ‘notionem
1254 334 1446 406 verbalem
1472 335 1570 408 bene
1597 333 1764 466 quadrat
1810 333 2021 432 Utrumque

127 475 354 549 vocabulum
387 505 413 551 α
443 477 589 548 litterae
622 475 660 547 in
693 476 817 549 locum
844 479 1028 575 recepitc
1060 494 1102 552 ut
1126 481 1298 585 βόρταχος
1334 503 1402 576 pro
1435 482 1635 587 βάτραχος,
1671 480 1822 588 ὄρχαμος
1849 480 1894 553 ab
1922 481 2022 585 ἅρχα

128 617 388 692 derivandum.
440 619 552 716 Apud
586 618 779 694 Romanos
810 647 901 733 vero
935 623 1106 698 cardines
1141 651 1219 698 non
1251 636 1397 698 tanturn
1426 627 1627 723 januarum
1661 639 1766 718 sunt,
1806 625 1873 700 sed
1906 625 2020 699 etiam

122 764 231 854 caeli,
258 765 322 860 qui
350 755 433 836 cuin
449 761 677 838 Graecorum
707 767 805 862 polis
834 768 1097 864 respondeant,
1120 769 1202 865 quis
1219 769 1457 859 dubitaverit,
1485 771 1574 866 quin
1597 770 1767 842 similiter
1787 769 2020 844 denominati

7 997 8 1002 ἵ
125 910 217 993 sint,
251 923 292 982 ut
326 937 347 980 a
379 909 563 982 vertendo
598 912 691 982 caeli
724 911 914 985 vertices?
967 912 1183 986 Castrorum
1219 915 1389 988 cardines
1422 941 1551 989 rursus
1579 941 1602 987 a
1627 916 1851 988 caelestibus
1878 941 2018 990 nomen

124 1069 362 1152 acceperunt.
403 1052 477 1128 Sed
504 1056 667 1128 verbalis
694 1057 860 1129 notionis
888 1059 1085 1154 vestigium
1109 1071 1281 1155 superest
1301 1059 1339 1132 in
1362 1059 1575 1132 cardinibus
1603 1061 1665 1156 qui
1692 1072 1903 1157 temporum
1934 1085 2019 1134 esse

123 1199 317 1292 dicuntur,
357 1213 399 1274 ut
431 1202 530 1298 apud
565 1200 727 1274 Plinium
763 1177 898 1292 xtflu,
930 1204 997 1293 25,
1030 1202 1062 1274 is
1095 1203 1194 1274 enim
1222 1202 1413 1276 cardinem
1438 1215 1651 1302 temporum
1691 1204 2019 1302 ,quadripartitam

7 1427 8 1434 ρ
128 1345 220 1418 anni
248 1345 538 1419 distinctionem‘
567 1371 648 1420 esse
670 1345 770 1423 dicit.
810 1343 879 1420 Cui
900 1346 1019 1419 simile
1043 1357 1100 1419 eat
1117 1346 1210 1420 illud
1230 1345 1489 1446 Vergilianum
1509 1349 1603 1422 Aen.
1623 1348 1652 1441 l,
1680 1353 1751 1424 672
1779 1349 1891 1443 ,haud
1910 1361 2019 1423 tanto

7 1593 8 1598 ρ
123 1493 290 1566 cessabit
316 1492 467 1564 cardine
493 1497 631 1564 rerum‘
660 1503 696 1565 et
724 1491 825 1588 quod
843 1491 1017 1565 Lucanus
1038 1493 1193 1590 praebet
1213 1492 1295 1584 Vll,
1324 1497 1394 1568 381
1423 1495 1489 1569 ubi
1515 1496 1685 1586 ,extremi
1707 1495 1868 1568 cardinis
1890 1499 2018 1568 annos‘

123 1637 359 1736 deprecatur.
411 1635 455 1710 In
490 1637 624 1734 quibus
652 1636 768 1710 cardo
795 1649 926 1710 nostro
955 1633 1160 1734 Schwung,
1200 1635 1456 1735 Umschwung
1486 1640 1705 1737 respondet,
1741 1665 1826 1712 cum
1851 1639 2019 1735 reliquus

122 1783 301 1856 vocabuli
332 1808 422 1856 usus
455 1784 610 1881 propius
644 1784 745 1856 absit
777 1777 955 1856 anost'ro
984 1779 1216 1880 ,Schwinge‘
1268 1779 1398 1879 Itaque
1426 1807 1511 1856 cum
1537 1795 1705 1857 veterem
1732 1783 1825 1856 Icard
1850 1782 2017 1856 radicem

83 2007 84 2010 Ἴ
121 1928 319 2024 utriusque
337 1927 488 2024 linguae
508 1953 748 2000 communem
771 1928 885 2001 fuisse
906 1928 1102 2000 inventum
1122 1927 1180 2017 sit,
1208 1927 1411 2023 conjecerit
1437 1927 1594 2001 forsitan
1622 1929 1753 2025 aliquis
1780 1927 1829 2000 ad
1856 1927 2017 2002 eandem

121 2068 249 2144 cordis
277 2081 314 2145 et
339 2067 478 2178 καρδίας
505 2097 644 2145 nomen
671 2073 877 2170 pertinere,
916 2073 954 2145 in
988 2097 1062 2168 quo
1095 2070 1250 2144 eaedem
1284 2073 1431 2147 litterae
1465 2073 1648 2147 radicales
1682 2085 1784 2166 sunt,
1825 2073 2017 2171 accepisse

120 2227 252 2289 cutem
285 2242 351 2292 cor
382 2243 522 2290 nornen
556 2243 665 2292 suurn
700 2243 723 2290 a
752 2217 971 2316 palpitando
1000 2213 1290 2321 (κραδαίνεσθαι),
1317 2218 1356 2291 id
1383 2221 1484 2317 quod
1506 2221 1585 2317 jam
1611 2218 1862 2319 Etymologici
1887 2217 2018 2316 Magni

122 2361 269 2435 auctori
303 2362 342 2434 in
375 2374 566 2436 mentem*
581 2365 685 2436 venit
724 2366 797 2442 α’πδ
830 2367 890 2442 τοῦ
920 2359 1178 2471 κραδαίνεσθαι,
1223 2365 1263 2442 so*
1300 2367 1485 2445 κινεῖσθαι·
1510 2362 1629 2474 καρδία
1674 2367 1745 2471 γάρ
1784 2369 1837 2442 ciel
1873 2376 2016 2442 κινεῖται.

122 2505 236 2598 Quod
262 2534 336 2606 quo
359 2510 542 2582 remeetur
560 2535 681 2607 neque
703 2510 742 2583 in
761 2510 895 2582 litteris
915 2535 1038 2606 neque
1059 2510 1098 2582 in
1118 2510 1273 2583 notione
1288 2511 1490 2607 quidquam
1504 2511 1611 2583 inest
1651 2507 1727 2581 Sed
1748 2509 1884 2598 obstat,
1912 2507 2015 2604 quod

122 2680 168 2727 ea
204 2679 299 2751 quae
325 2655 364 2727 in
390 2656 541 2753 reliquis
569 2657 706 2754 linguis
733 2656 903 2755 cognatis
930 2655 1053 2730 cordis
1080 2655 1235 2727 nomina
1260 2655 1502 2730 inveniuntur
1528 2679 1753 2752 quamquam
1779 2651 1827 2724 ad
1854 2651 2015 2725 eandem

120 2799 225 2871 illam
252 2797 346 2871 Icard
370 2799 536 2872 radicem
562 2801 690 2874 reduci
717 2815 886 2899 possunt,
913 2801 1071 2876 verbum
1098 2777 1232 2873 tamen·
1252 2826 1388 2898 graeco
1414 2795 1573 2906 αραδαίνω
1599 2799 1719 2872 simile
1747 2821 1908 2894 quocum
1926 2821 2014 2870 con·

95 2909 327 3042 'jungantur
352 2967 430 3018 non
456 2945 608 3018 habent.
661 2943 806 3019 Verum
834 2948 946 3020 etiam
973 2947 1066 3019 baec
1093 2945 1293 3018 difficultas
1320 2947 1481 3022 fortasse
1508 2947 1605 3022 solvi
1631 2944 1778 3044 poterit.
1820 2942 1864 3016 Id
1887 2955 2013 3016 autem

121 3115 210 3162 curn
235 3089 318 3162 fieri
343 3117 421 3164 non
447 3092 577 3189 possit,
604 3092 693 3188 quin
721 3092 819 3165 oculi
846 3116 987 3183 eorum,
1014 3091 1078 3188 qui
1103 3091 1303 3188 puritatem
1323 3091 1555 3188 antiquitatis
1575 3089 1784 3164 studiorum
1804 3087 2014 3186 peregrinis

120 3237 319 3310 vocabulis
346 3239 467 3312 allatis
493 3239 681 3336 inquinari
707 3248 901 3329 censeant,
933 3235 1035 3314 baud
1060 3261 1179 3333 parvo
1206 3233 1433 3329 indicorum,
1468 3237 1713 3328 slavicorum,
1745 3235 2014 3308 lituanicorum

36 3474 56 3498 „-
121 3382 395 3456 vocabulorum
420 3408 579 3458 numero
607 3384 862 3476 offendantur,
888 3381 1078 3482 praesenti
1102 3393 1273 3480 tempore
1301 3383 1444 3458 omitto.
