4520 5896
1096 141 1123 188 V

154 347 267 424 idem
292 344 496 421 Mostellar.
522 370 558 420 v.
585 346 659 422 468

324 532 328 542 ·
389 539 393 548 ·
437 553 444 564 .
581 487 700 586 Aedis
725 513 774 564 nc
802 489 973 601 41194114,
991 491 1143 593 tangite
1363 563 1367 576 ,

155 643 205 712 'et
239 635 375 711 Baccha
414 637 505 730 445,
549 635 696 710 Tmcul.
734 599 959 729 11...2..,.„..,2.l'
1005 633 1186 734 EpidV
1226 637 1267 728 2,
1306 636 1373 728 58,
1400 632 1603 732 ‘Turpilius
1642 659 1678 710 v.
1720 635 1790 710 106
1829 657 1874 708 ne
1911 630 2054 731 4111944.

153 780 243 859 Nec
283 783 480 882 quiequam
513 781 653 856 barum
692 805 819 859 rerum
859 782 972 880 paulo
1005 781 1162 880 peritior
1187 780 1227 854 in
1251 790 1419 856 mentam
1443 778 1607 874 inducat,
1645 779 1806 854 formam
1833 778 2055 878 ampliorem

154 941 246 1006 tum
272 928 424 1004 demum
448 938 577 1002 natam
604 951 698 1022 esse,
725 951 811 1002 cum
832 927 912 1024 jem
945 925 1065 1020 ,111184
1088 927 1245 1026 pinnato
1272 924 1400 1026 gradu'
1427 925 1648 1000 bellicosam
1673 925 1714 1000 in
1725 923 1877 1000 Romuli
1902 934 2055 1024 gentem

153 1077 283 1152 feram
309 1077 350 1149 se
375 1075 574 1168 intulisset,
601 1097 687 1148 cum
709 1073 800 1148 setis
820 1033 967 1150 constet
989 1075 1119 1150 similis
1141 1073 1279 1150 nasalis
1300 1071 1557 1148 additamento
1571 1069 1671 1170 apud
1684 1068 1801 1146 Indos
1814 1067 2054 1170 Graecosque

156 1222 374 1322 praesentis
406 1222 548 1298 formas
582 1221 629 1295 ab
656 1221 702 1296 iis
728 1219 908 1320 distingui
934 1245 1030 1322 quae
1058 1245 1107 1295 ex
1133 1221 1214 1319 ipsa
1238 1219 1367 1294 radice
1394 1219 1671 1318 pullulaverint
1721 1217 1852 1318 Itaque
1880 1223 2055 1316 quonism

9 1405 10 1452 1
157 1367 301 1462 eodem
333 1379 505 1466 tempore
541 1377 578 1442 et
604 1365 704 1466 apud
732 1366 887 1444 eosdem
913 1367 1118 1465 scriptores
1143 1367 1337 1465 utriusque
1362 1365 1512 1466 generis
1538 1364 1680 1440 formes
1705 1364 1938 1457 invenimus,
1974 1364 2054 1440 fere

9 1551 10 1560 ¹
157 1489 334 1614 cogimur
368 1525 410 1588 ut
445 1512 620 1612 4111494111
646 1537 731 1586 cum
758 1503 988 1588 Graecorum
1012 1511 1269 1622 ogocdmoiru,
1295 1511 1489 1588 Attianum
1517 1521 1642 1586 autem
1667 1511 1760 1587 illud
1773 1521 1826 1622 Ι41
1839 1509 2056 1588 Plautinum

9 1709 10 1738 }
158 1661 298 1762 attigas
333 1686 420 1736 cum
444 1685 581 1758 gracco
606 1659 789 1768 προςθίγῃς
814 1683 1084 1757 comparemus.
1135 1657 1305 1760 Simplex
1329 1657 1489 1733 verbum
1515 1657 1597 1732 sine
1622 1657 1742 1732 nasali
1766 1657 1893 1734 littera
1917 1659 2055 1758 legitur

9 1811 10 1844 ³
159 1809 206 1884 in
234 1805 382 1884 duobus
407 1805 562 1884 Pacuvii
587 1807 761 1884 versibus

641 1979 678 2032 v.
707 1954 779 2027 165
808 1962 848 2026 at
871 1973 950 2028 non·
976 1977 1139 2048 cernam,
1165 1952 1239 2027 nisi
1265 1933 1389 2052 togam

642 2124 677 2174 v.
705 2102 779 2176 344
805 2110 848 2176 ut
874 2123 957 2198 ego,
986 2100 1018 2175 si
1044 2101 1241 2198 quisquam
1266 2123 1327 2174 me
1355 2096 1443 2198 14911

164 2286 329 2360 qnorum
353 2262 541 2362 posterior
567 2227 819 2355 demonstrat
838 2264 951 2339 etiam
976 2263 1220 2364 indicativum
1247 2275 1327 2364 lopo
1353 2263 1394 2338 iu
1418 2288 1491 2339 usu
1517 2263 1644 2356 fnisse,
1671 2262 1735 2362 qui
1761 2261 1820 2336 cui
1843 2287 1891 2337 ex
1917 2285 2055 2362 graeca
2121 2353 2126 2360 .
2171 2259 2182 2334 ’.·

9 2491 10 2494 ¹
162 2407 294 2508 lingua
333 2421 591 2509 comparetur,
636 2434 715 2488 uon
752 2410 878 2487 babet.
937 2409 1029 2534 Ejus
1062 2377 1184 2511 prima
1214 2434 1379 2510 persone
1411 2411 1451 2484 in
1486 2407 1641 2508 Turpilii
1672 2407 1806 2484 comici
1840 2407 2053 2508 fragmento
2169 2383 2175 2394 ⁸

9 2579 10 2592 ¹
163 2558 218 2649 (v.
247 2557 336 2650 131)
362 2579 385 2630 4
410 2553 619 2652 Ribbeckio
645 2567 797 2655 recepta
823 2569 880 2632 est

683 2699 811 2798 Erum,
838 2703 870 2778 si
895 2704 1004 2798 forte,
1031 2703 1138 2802 qussi
1160 2703 1267 2796 41148,
1293 2701 1374 2776 vini
1401 2665 1482 2802 lupo

163 2863 270 2964 quod
291 2865 480 2965 quomodo
503 2866 689 2942 scribetur
702 2877 740 2942 et
754 2866 962 2966 explicetur
972 2891 1051 2940 non
1065 2867 1155 2942 setis
1170 2867 1405 2964 exploratum
1420 2876 1487 2940 est.
1514 2863 1694 2964 Ejusdem
1709 2877 1767 2940 est
1783 2865 1931 2965 generis
1953 2863 2055 2963 quod

139 2983 207 3094 'in
240 3021 389 3086 vetusta
420 3011 515 3112 legis
540 3011 704 3086 formula
728 3011 825 3086 liber
851 3011 887 3086 II
913 3010 962 3085 od
986 3009 1220 3086 Herennium
1246 3036 1286 3108 c„
1306 3013 1352 3084 13
1379 3011 1562 3087 servavit:
1597 3035 1678 3086 rem
1703 3009 1769 3084 ubi
1787 3021 1941 3108 papum.
1990 3007 2055 3085 Ad

164 3156 279 3232 aliam
304 3160 508 3234 verborum
535 3147 694 3234 classem
721 3159 884 3258 pertinet
902 3153 1022 3259 pip'nm
1048 3156 1149 3258 quod
1171 3157 1260 3256 quin
1283 3181 1332 3231 ex
1348 3153 1504 3256 gipes-o
1526 3165 1651 3230 ortum
1673 3156 1721 3230 sit
1740 3179 1895 3253 prorsus
1918 3152 2053 3230 eodem

162 3291 281 3378 modo
315 3329 390 3402 quo
423 3329 599 3405 graecum
623 3315 823 3410 γί-γψο-μαι
858 3331 907 3383 ex
930 3265 1146 3410 pmcne-por
1173 3302 1329 3378 dubium
1359 3327 1440 3376 non
1471 3313 1538 3377 est
1589 3300 1719 3402 Itaque
1745 3313 1895 3378 vetusta
1918 3301 2054 3396 forma,

9 3449 11 3466 '
162 3473 262 3549 qnae
289 3461 511 3551 4819414414
536 3452 889 3553 eodemjurecum
917 3477 1052 3554 gracco
1079 3449 1253 3566 14114941,
1280 3475 1354 3548 quo
1371 3449 1632 3550 pigneratum
1643 3449 1828 3555 γίγνεσθαι
1847 3447 2051 3548 comparari

9 3663 10 3668 ,
161 3605 304 3695 potest.
356 3594 591 3697 Quamquam
616 3598 655 3674 in
682 3625 754 3675 usu
778 3599 996 3675 breviorum
1021 3599 1228 3674 formarum
1255 3594 1308 3696 (V
1308 3621 1394 3672 erro
1421 3585 1479 3696 e'p.
1506 3595 1622 3672 Prisc.
1648 3622 1684 3695 p.
1710 3597 1785 3672 499
1799 3594 1875 3690 111,
1901 3595 2048 3670 Lucret

9 3841 10 3846 Ἰ
161 3741 224 3820 ΠΙ
249 3747 341 3838 795,
379 3743 502 3820 Varro
537 3771 566 3819 1.
601 3771 629 3821 1.
656 3745 692 3822 Π
719 3742 760 3841 6,
795 3751 848 3842 3)
899 3748 993 3822 nihil
1027 3758 1084 3822 est
1116 3745 1217 3846 quod
1250 3743 1534 3844 alongioribus
1562 3745 1726 3820 alienum
1753 3745 1818 3839 sit,
1852 3744 1926 3820 nisi
1952 3741 2052 3844 quod
2126 3801 2128 3811 ,

159 3889 307 3990 ponitur
341 3891 491 3990 saepius
509 3891 563 3965 Ι11
595 3860 909 3967 testamentorum
942 3893 1114 3968 formulis
1147 3892 1194 3966 de
1225 3891 1351 3966 iutmo
1377 3881 1551 3990 'tempora
1576 3891 1726 3967 dicitur:
1766 3893 1811 3987 ,si
1835 3892 1928 3966 mihi
1951 3892 2051 3968 filius
2127 3874 2128 3889 ¹

158 4035 318 4150 Qus,
350 4036 439 4133 (Cic
475 4037 522 4113 de
558 4035 661 4114 Orat.
695 4036 731 4112 Il
772 4040 837 4132 31,
878 4040 966 4133 141,
1001 4039 1049 4114 de
1082 4035 1289 4114 Iuventll
1329 4040 1397 4131 42,
1435 4037 1533 4136 122).
1558 4081 1608 4094 -
1633 4037 1836 4114 Praeterea
1871 4049 1913 4114 ut
1951 4037 2051 4137 apud
2135 4046 2139 4062 '

9 4247 10 4264 ,
164 4180 336 4281 Graecos
359 4183 460 4258 haud
485 4209 606 4283 pauca
624 4181 742 4259 verba
760 4184 1014 4280 inveniuntur,
1039 4187 1080 4260 in
1099 4185 1233 4286 quibus
1253 4185 1359 4260 varia
1378 4194 1552 4298 tempora
1569 4210 1647 4276 non
1669 4210 1690 4258 e
1710 4185 1888 4284 stirpibus
1908 4185 2048 4262 litteru-

9 4335 10 4338 ’
162 4330 287 4404 larum
322 4329 555 4440 quarundam
581 4331 731 4408 defectu
755 4331 819 4406 vel
844 4331 1100 4407 additamento
1126 4332 1224 4406 inter
1250 4355 1290 4406 se
1317 4329 1513 4424 distinctis,
1548 4329 1615 4404 sed
1642 4355 1662 4404 e
1688 4329 1872 4444 radicibus
1898 4355 2049 4430 prorsus

9 4511 10 4514 ¹
164 4475 327 4552 diversis
361 4490 570 4577 propagata
603 4491 709 4575 sunt,
747 4480 802 4554 ita
835 4477 934 4578 apud
959 4477 1151 4552 Romanos
1186 4475 1370 4575 quaedam
1404 4487 1504 4584 certe
1536 4475 1655 4550 verba
1682 4487 1851 4569 exstant,
1890 4459 2050 4576 quorum

9 4691 10 4702 ,
163 4633 340 4722 tempora
373 4647 454 4698 uon
488 4648 536 4698 ex
561 4633 638 4701 uno
668 4626 874 4725 eodemque
899 4625 1005 4698 fonte
1031 4634 1238 4698 manarunt
1289 4622 1339 4740 Iu,
1360 4625 1611 4722 quibuspree
1638 4624 1771 4699 ceteris
1795 4627 1878 4725 sero
1905 4634 1944 4698 et
1969 4648 2049 4698 sum

164 4767 336 4844 notanda
371 4781 467 4846 sunt
518 4769 605 4846 Non
638 4773 738 4846 enim
770 4797 873 4860 casu,
889 4772 1032 4846 fuctum
1058 4797 1141 4846 esse
1166 4770 1397 4870 putabimus,
1431 4781 1473 4846 ut
1497 4770 1537 4844 in
1563 4781 1720 4868 utreque
1745 4769 1890 4868 lingua,
1928 4791 1976 4842 ex
1993 4793 2049 4844 >ea

164 4913 292 4990 radice
326 4938 421 5013 quae
452 4917 641 5016 praesenti
663 4919 747 5018 fero
779 4919 924 5011 subest,
962 4891 1171 5016 praesentis
1205 4927 1353 4992 tantum
1380 4927 1418 4992 et
1445 4939 1542 5014 quae
1567 4939 1652 4990 eum
1677 4913 1751 4988 boo
1778 4911 1973 4990 artissime·
1988 4939 2049 4989 eo·

165 5059 325 5134 haerent
356 5059 501 5136 formae
524 5037 718 5162 ’originem
751 5064 938 5142 ducerent
990 5063 1127 5164 Earum
1163 5063 1263 5164 apud
1288 5061 1480 5137 Romanos
1506 5061 1620 5136 etiam
1645 5059 1811 5135 futurum
1837 5067 1911 5151 est,
1947 5058 2049 5158 quod
2112 5147 2116 5157 Ι

59 5227 65 5240 ·
166 5231 252 5282 cum
283 5207 322 5280 11
356 5205 428 5280 boc
461 5209 664 5286 verborum
697 5236 834 5312 genere
867 5211 1034 5310 optativo
1062 5208 1292 5326 Graecorum
1324 5208 1553 5307 respondeat
1585 5207 1692 5305 eique
1724 5207 1931 5306 praesentis
1956 5218 2047 5282 tem·
