4532 5882
1192 555 1220 645 8

418 777 465 851 In
494 777 708 879 compositis
734 769 918 850 interdum
944 764 1118 861 dinseri,
1148 759 1451 868 sudumst)
1479 769 1544 868 (ci.
1574 762 1808 868 Θου-κυδίδης)
1828 785 1865 846 st
1888 767 2001 864 ἔχθο-

419 889 535 976 ‹l-rrro‘s
548 898 597 1000 33)
620 897 800 974 vocabula
825 897 985 999 probare
1011 891 1195 998 videntur.
1249 894 1430 968 Maiorem
1464 921 1550 968 cum
1580 897 1714 970 nostris
1747 897 1787 969 in
1811 888 1856 972 ι’-ς
1880 898 2001 970 nomi·

419 1025 528 1100 nibus
554 1020 830 1118 similitudinem
856 1045 898 1095 ea
923 1019 1075 1112 babent,
1106 1044 1200 1122 quae
1225 1017 1362 1093 nullius
1381 1016 1503 1094 suffixi
1529 1043 1603 1122 ope
1637 1045 1682 1094 ex
1706 1016 1890 1096 radicibus
1915 1023 1955 1096 in
1979 1047 2003 1094 n

419 1148 529 1241 facta,
558 1152 597 1222 in
623 1149 765 1224 casibus
793 1143 954 1247 obliquis
980 1138 1201 1236 disserunt,
1230 1141 1333 1218 velut

470 1299 546 1347 σπα
571 1317 587 1332 -
613 1261 789 1347 assessi-r
815 1267 864 1344 G.
893 1259 1088 1345 inarsisse
1114 1261 1273 1370 (randis)

470 1423 540 1472 στα
565 1441 580 1456 -
606 1385 805 1503 χαροπά-ς,
831 1382 997 1476 limeris,
1023 1385 1210 1502 rognoscis,
1238 1391 1336 1470 Gen.
1365 1385 1487 1472 reddes
1519 1392 1585 1494 (cf.
1600 1382 1761 1496 ,crinon

469 1511 526 1600 βα
549 1562 574 1596 -,
591 1509 721 1610 iudai-s
746 1518 795 1594 cf.
823 1506 959 1600 dib-r,
984 1506 1151 1622 llo-dign
1165 1517 1213 1619 ³⁴)

471 1633 575 1744 κ’λι(ν)
601 1687 616 1700 -
644 1636 764 1719 danii-s
789 1635 883 1742 (rdet)
910 1638 975 1742 (cl.
1006 1635 1255 1750 saepi-duros).

419 1752 552 1870 Neque
579 1746 805 1870 aliam'puto
833 1761 1002 1842 ‹iliterae
1029 1770 1208 1870 originem
1234 1791 1312 1842 esse
1338 1768 1378 1841 in
1404 1763 1624 1870 quibusdam
1656 1765 1805 1872 syllabis
1831 1763 2002 1843 derivati·

418 1897 493 1986 vis;
527 1917 612 1966 nam
638 1895 669 1967 si
693 1891 844 1966 Aeolica
869 1894 1123 1994 patronymica
1147 1895 1189 1966 in
1214 1885 1318 1979 adro-r
1342 1890 1446 1974 velut
1467 1883 1629 2001 ’Φρῥάῶος
1656 1879 1829 2000 abigo-s
1842 1889 1891 1989 ³⁵)
1919 1917 2003 1965 cum

417 2016 627 2118 vulgaribus
671 2020 711 2090 in
757 2045 801 2092 roe
846 2039 1118 2118 comparamus,
1164 2016 1268 2092 velut
1311 2007 1517 2108 Τελαμώνιος
1559 2008 1656 2108 Αἴας,
1700 2014 2003 2094 verisimillimum

420 2158 474 2218 est
503 2140 606 2214 illam
638 2165 845 2243 paragogen
872 2165 917 2214 ex
935 2139 1030 2233 -bac,
1072 2135 1403 2234 inserentium,
1446 2155 1565 2216 ortam
1596 2151 1688 2214 esse.
1724 2137 1887 2215 ¹Similia
1918 2141 2003 2214 sunt

419 2255 681 2356 μινυνθά-δ-ιος,
722 2255 970 2373 sperati-elnon
1009 2291 1032 2338 a
1068 2267 1201 2368 quibus
1239 2250 1588 2348 §innaturali-ror,
1629 2257 1845 2364 νυμφῖ-δ-ιος,
1878 2257 2001 2356 μαστί-

419 2383 536 2481 δ-ιο-ς,
567 2383 732 2498 pergi-boe
763 2415 808 2464 eo
833 2405 977 2465 tantum
1003 2386 1144 2466 diversa
1170 2406 1275 2480 sunt,
1313 2388 1415 2493 quod
1448 2377 1616 2466 vocalem
1640 2387 1790 2464 finalem
1816 2414 1837 2462 a
1862 2391 2002 2463 maiore

419 2544 442 2586 α
480 2512 541 2590 vel
581 2541 596 2585 o
631 2539 725 2587 sono
746 2517 805 2586 ‘in
844 2517 1052 2590 tenuiorem
1090 2544 1102 2587 ι
1139 2531 1338 2588 mutarunt.
1404 2512 1531 2616 Atque
1569 2537 1615 2586 ex
1659 2512 1795 2587 borum
1836 2511 2003 2613 analogia

420 2641 529 2712 etiam
555 2639 718 2728 nomina,
749 2661 843 2739 quae
869 2639 909 2711 in
935 2655 1161 2713 consonante
1180 2635 1365 2730 desinunt,
1394 2639 1529 2711 inserta
1548 2664 1559 2708 r
1575 2635 1694 2727 litera,
1724 2630 1805 2713 lto-e
1821 2638 2002 2738 recepisse

418 2737 620 2852 videntur,
642 2759 744 2835 velut
774 2755 974 2869 φωρ-ί-δως,
1015 2759 1116 2864 qnod
1144 2762 1360 2866 simpliciori
1386 2751 1522 2870 φώρ-ως
1547 2758 1681 2836 eodem
1705 2757 1820 2835 modo
1846 2784 2001 2864 respon·
2089 2847 2092 2856 Α

419 2884 501 2978 det,
536 2909 611 2987 quo
638 2879 918 2962 §nemausinos
941 2887 1103 2961 breviori
1128 2874 1395 2963 ἔπιθαλάσσιος..
1428 2883 1552 2978 Quare
1578 2889 1618 2960 in
1642 2883 1717 2960 boc
1742 2883 2003 2960 abundantiam

420 3007 601 3112 quandam
633 3007 779 3110 linguae
811 3007 1099 3087 animadvertere
1129 3010 1229 3085 licet.
1284 3007 1463 3084 Similiter
1487 3009 1647 3112 vulgaria
1673 3012 1713 3083 in
1738 3003 1821 3096 ibi-c
1846 3025 1886 3085 et
1909 3000 2004 3097 dds-e

417 3135 670 3236 patronymica
703 3147 783 3204 orta
817 3159 896 3206 esse
929 3137 1116 3234 suspicor,-
1150 3137 1201 3206 ita
1232 3131 1382 3233 quidem
1408 3147 1450 3205 ut
1475 3159 1486 3203 r
1512 3148 1550 3205 et
1573 3160 1597 3203 o
1623 3147 1686 3205 aut
1709 3157 1781 3234 pro
1806 3130 1909 3207 finali
1933 3158 2003 3208 no-

417 3259 538 3348 minis,
566 3256 670 3331 unde
694 3254 905 3331 derivantur
929 3253 1057 3331 vocali
1074 3270 1264 3356 ponantur
1290 3247 1449 3362 (Πρίαμος
1471 3297 1486 3312 -
1505 3247 1701 3364 Egressi-dns
1718 3299 1734 3314 ·
1754 3250 1892 3338 Αἰνεία-ς
1905 3301 1921 3314 -
1945 3260 2000 3330 Ai-

419 3372 572 3477 vsro'dss),
605 3395 667 3454 aut
692 3383 897 3453 inserantur
928 3371 1262 3476 (Αγαμεμνον-ί-θης,
1293 3368 1557 3480 Βακχι-ἅ-δης);
1587 3408 1642 3466 sss
1674 3393 1797 3455 autem
1826 3406 1905 3455 non
1930 3377 2000 3455 dif-

337 3505 339 3515 ’
417 3505 514 3579 ferre
538 3519 632 3607 puto
660 3504 705 3576 ab
732 3527 778 3577 eo
805 3499 956 3593 suffixo,
992 3499 1093 3604 q'uod
1120 3497 1158 3580 in¹
1184 3493 1589 3611 capsarii-nudisque
1615 3507 1828 3609 compositis
1853 3509 2000 3609 conspi-

311 3691 316 3702 ,
367 3701 378 3726 ,
418 3631 525 3704 citur.
581 3623 655 3702 Sed
687 3625 778 3701 baec
810 3628 932 3700 omnia
960 3629 1212 3728 antiquissimo
1238 3643 1408 3731 tempore
1435 3654 1456 3701 a
1482 3628 1632 3704 Graecis
1658 3629 1752 3705 iacta
1779 3653 1876 3723 esse,
1911 3655 1999 3705 con·

417 3755 587 3844 iecerim3
620 3766 750 3854 postea
778 3775 841 3825 eos
868 3743 960 3832 risse,
993 3743 1095 3834 abac,
1128 3745 1211 3839 idne,
1246 3746 1456 3840 adornabo
1480 3769 1667 3857 tamquam
1693 3757 1845 3858 propria
1869 3753 2000 3829 suffixa

418 3878 571 3951 sensisse
607 3891 758 3978 apparet
772 3873 835 3970 36).
896 3871 1129 3950 Praeclarum
1156 3875 1180 3950 d
1206 3877 1335 3953 literae
1366 3881 1603 3980 interpositae
1637 3903 1682 3953 ex
1714 3875 1845 3952 Latina
1875 3877 1999 3980 lingua

472 4172 501 4210 ³¹
557 4173 633 4236 Lob.
656 4175 692 4234 ad
712 4172 760 4235 A'.
782 4175 802 4235 l.
824 4197 851 4236 c.

471 4178 515 4356 ως
555 4277 579 4338 si
599 4197 804 4336 Butunanrlum
825 4277 971 4358 sequimur
992 4278 1084 4359 (lexil.
1095 4279 1130 4356 1,
1156 4301 1185 4360 p.
1197 4278 1298 4374 lin),
1320 4279 1369 4360 qui
1389 4276 1424 4338 ab
1446 4275 1575 4365 ἔχθ(ρ)ο
1590 4290 1620 4341 et
1640 4267 1678 4338 ἔπ
1695 4272 1897 4358 iffa-dorric
1910 4279 1999 4360 (sicut

417 4369 563 4462 χαροπὸς)
579 4376 699 4438 derivat
730 4375 809 4438 bob.
824 4375 844 4438 l.
860 4399 885 4439 c.
907 4377 992 4440 aliter
1012 4381 1112 4453 sentin
1134 4401 1234 4441 rerum
1255 4401 1342 4460 quum
1356 4379 1465 4440 Graeci
1485 4403 1509 4437 π
1529 4380 1643 4442 literam
1662 4379 1694 4440 in
1715 4379 1894 4443 derivatione
1914 4401 1996 4442 usur·

416 4497 486 4558 pare
508 4499 567 4539 non
581 4477 703 4554 soleant,
725 4473 837 4548 δοπο-ς,
859 4474 964 4543 danen
977 4479 1113 4562 syllabae,
1135 4501 1203 4561 quas
1217 4503 1244 4541 v.
1260 4479 1297 4541 cl.
1312 4480 1482 4542 derivativas
1497 4499 1558 4544 esse
1572 4481 1643 4558 vult,
1663 4479 1748 4543 valde
1760 4487 1908 4566 suspectae
1922 4493 1995 4544 sunt

472 4575 515 4656 ³⁴)
556 4576 632 4639 Lob.
654 4577 797 4661 Paralipp.
820 4602 849 4661 p.
862 4580 931 4674 l55.

471 4674 514 4756 ³⁵)
556 4679 643 4740 Bekk.
665 4677 798 4741 Anecdd.
819 4701 849 4762 p.
862 4679 932 4742 634.
953 4703 996 4761 sq.
1059 4721 1061 4726 ,

470 4775 513 4857 ⁵⁶)
555 4779 664 4842 Eadem
690 4777 708 4840 δ
735 4780 836 4844 literae
858 4780 932 4841 ratio
962 4801 1024 4842 esse
1051 4779 1168 4842 ridetur
1188 4779 1382 4842 inadverbiis
1403 4782 1434 4842 in
1456 4777 1514 4852 δον,
1535 4775 1677 4865 (σχεδόν)
1699 4781 1738 4846 δα
1758 4775 1925 4864 (ἐπα-δά),
1945 4779 1995 4857 δην

415 4870 571 4959 (βάδην)
599 4901 672 4962 quse
698 4881 915 4942 terminationes
948 4894 1049 4961 postea
1070 4893 1170 4962 aperte
1193 4881 1279 4943 etiam
1300 4881 1331 4942 in
1351 4882 1462 4944 radices
1484 4901 1613 4946 consona
1631 4887 1795 4948 terminatas
1815 4884 1994 4946 transierun-

416 4993 472 5042 tur.
496 4977 544 5041 Cs.
565 4979 640 5044 Lob.
662 4979 809 5063 Paralipp.
830 5003 860 5063 p.
872 4979 942 5043 155.
959 5004 1002 5062 sq.
1045 4981 1187 5064 Pleraque
1214 4994 1309 5044 tamen
1330 5004 1347 5044 a
1367 4983 1511 5048 radicibus
1531 4987 1562 5048 in
1583 4987 1714 5051 vocalem
1734 4984 1901 5048 exeuntibus
1921 5007 1994 5070 pro-

414 5093 563 5166 pagantur.
1657 5089 1662 5094 '
