4444 5866
1007 164 1020 171 -
1141 80 1207 138 vlt!

228 303 527 380 demonstratum
558 313 619 376 est
652 299 847 401 (zeitschr.
874 299 899 372 f.
926 301 1041 400 vergl
1068 297 1237 398 Sprachf.
1264 299 1292 394 I,
1321 303 1422 396 283).
1474 297 1550 376 Sed
1583 327 1631 376 ex
1665 328 1801 403 graeca
1832 306 1970 406 lingua·
1983 311 2100 391 offerri

228 463 355 548 potest
393 451 531 538 forma,
570 425 666 546 duae
707 447 830 543 eliqua
870 473 959 522 sanc
995 473 1044 522 cx
1077 460 1180 546 purte
1214 449 1370 526 similior
1396 459 1454 524 est
1477 449 1628 524 latinae.
1679 450 1856 550 Legimus
1884 453 1980 528 enim
2008 459 2100 555 apud

229 597 461 696 Hesychium
486 599 604 695 ιὲμέσω
628 595 832 692 ὠμοπλάται
856 633 908 646 ·-·-
938 593 1142 686 namhoc,
1174 620 1252 668 non
1277 597 1403 692 ,ιίμέσῳ
1435 598 1642 705 ducenarii,
1668 595 1887 680 Schouwius
1913 603 1951 676 in
1978 604 2101 682 codice

230 766 298 817 ms.
318 745 462 818 invenit
488 785 536 800 ·-
563 769 657 841 quae
683 743 806 815 forma
831 766 879 814 ex
906 765 978 836 qua
1002 738 1162 814 dialecto
1191 739 1390 838 desumpta
1414 742 1463 818 sit
1489 746 1570 841 quis
1598 744 1869 822 divinaverit?
1902 746 1978 822 Sed
2004 764 2102 848 patet

227 892 346 987 ciuica
379 903 416 962 et
447 887 525 988 ὤμω
550 889 700 962 diverso
726 887 841 960 modo
869 886 916 960 ud
941 917 993 984 pr
1019 886 1301 982 conjuncturum
1328 913 1474 980 sonum,
1502 890 1663 966 invisum
1690 890 1861 986 Graecis,
1889 895 2098 988 evitandum

230 1061 279 1108 ex
305 1048 434 1110 vetere
459 1038 524 1110 illo
550 1041 651 1136 ἀμσω
676 1035 776 1106 lucto
802 1057 895 1106 esse.
947 1031 1039 1108 Pars
1074 1034 1171 1108 enim
1204 1030 1433 1110 Graecorum
1467 1036 1624 1133 explosa
1653 1037 1778 1112 littera
1803 1038 1966 1115 sibilanti
1992 1052 2033 1112 ut
2058 1065 2102 1115 ex

228 1185 388 1283 ivan-cu
415 1181 542 1287 ἔγνιμ-ιι
568 1183 620 1256 ita
646 1207 695 1252 ex
720 1184 821 1278 νίμσνι
847 1179 925 1252 sive
952 1187 1047 1274 ι’μσω
1070 1178 1149 1276 ὤμω
1178 1180 1276 1273 fecit,
1302 1207 1389 1279 pars
1411 1179 1568 1256 eundem
1589 1207 1683 1279 quae
1701 1183 1741 1258 in
1759 1184 1885 1261 futuro
1904 1183 2103 1286 pape-[du

233 1303 378 1403 obtinet
404 1329 587 1404 rationem
614 1337 742 1402 secuta
767 1327 850 1402 illas
875 1325 1018 1398 litteras
1044 1326 1167 1398 vocali
1193 1325 1383 1424 disjunxit.

389 1473 464 1549 Sed
504 1475 614 1548 etiam
655 1472 756 1570 quod
791 1471 979 1569 adjectivo
1018 1475 1144 1571 ὠμά-ς
1177 1473 1403 1571 respondeat
1429 1473 1621 1548 Romanos
1653 1476 1851 1550 retinuisse
1886 1477 2102 1576 putaverim.

230 1619 376 1694 Vocem
410 1645 582 1719 graecam
616 1617 783 1716 Boppius
817 1618 854 1690 in
889 1614 1079 1692 Glossario
1111 1629 1148 1692 et
1172 1616 1361 1718 Benfeyus
1388 1620 1427 1692 in
1452 1618 1592 1692 Lexico
1620 1618 1687 1716 (ll,
1714 1621 1778 1718 89)
1806 1646 1891 1722 cum
1917 1620 2103 1698 senseritis

107 1833 110 1838 .
228 1766 349 1842 dura-c
375 1783 411 1838 et
439 1764 555 1840 rimu-s
582 1765 836 1857 cont-ulerunt,
863 1789 957 1862 quae
984 1763 1089 1838 crudi
1115 1765 1308 1842 notionem
1335 1765 1486 1840 habent
1538 1765 1606 1842 His
1632 1793 1722 1842 vero
1747 1769 1905 1844 latinum
1932 1768 2104 1844 arn-orus

226 1913 524 2012 comparandum
550 1935 632 1986 csse
659 1911 830 2009 conjicio,
857 1936 880 1983 a
904 1909 1028 1984 radice
1055 1936 1116 1984 om
1143 1909 1311 2008 ejusdem
1338 1935 1432 2008 quae
1447 1923 1517 1988 -est
1540 1912 1578 1988 in
1608 1913 1770 2012 codro-c
1792 1923 1829 1988 et
1850 1913 1985 1988 oldut-s
2004 1935 2103 2012 para·

229 2085 348 2159 goges
375 2085 446 2157 ope
472 2069 730 2157 propagatum.
783 2055 871 2154 lpsa
902 2056 1011 2133 radix
1046 2081 1130 2130 cum
1165 2055 1268 2132 Indis
1300 2071 1497 2156 aegrotum
1534 2085 1616 2136 esse
1651 2061 1836 2159 significet
1861 2062 1970 2136 facile
1997 2073 2034 2135 et
2059 2057 2103 2132 ad

230 2200 453 2280 cruditatem
480 2205 591 2282 etad
616 2203 726 2302 hujus
753 2203 978 2278 simillimam
1004 2203 1285 2301 salubritatique
1312 2229 1390 2278 nou
1415 2205 1539 2280 minus
1560 2207 1785 2283 contrariam
1803 2207 2103 2284 immaturitatem

232 2365 272 2428 et
297 2319 667 2442 ind-amaritudinem,
694 2375 787 2448 quoe
815 2375 927 2447 saepe
952 2349 1229 2424 immaturitatis
1255 2349 1393 2426 indicio
1422 2363 1489 2444 est,
1517 2351 1687 2429 adhiberi
1711 2353 1842 2451 potuit

391 2499 563 2574 Latinum
597 2495 705 2570 cardo
734 2496 813 2594 jam
845 2522 868 2568 a
901 2494 1037 2570 Vossio
1072 2495 1299 2597 (Etymolog.
1326 2524 1361 2596 p.
1391 2499 1478 2598 108)
1511 2524 1596 2572 cum
1628 2523 1765 2598 graeco
1799 2497 1922 2607 sgolla,
1961 2494 2104 2606 apuleio,

229 2643 392 2754 ψδιιίιω
431 2655 687 2741 comparatum
727 2655 793 2714 est.
858 2637 962 2730 Quae
996 2643 1113 2718 verba
1139 2642 1226 2740 quid
1252 2645 1402 2742 proprie
1429 2645 1595 2738 valeant,
1634 2647 1860 2743 conspicitur
1887 2673 1936 2721 ex
1962 2647 2105 2722 diversa

231 2791 338 2898 aguils
371 2792 533 2865 nominis
568 2787 850 2887 significatione.
894 2784 1013 2894 νιςιίδιιι
1047 2789 1148 2864 enim
1181 2789 1358 2864 arborum
1387 2790 1580 2864 cacumina
1606 2802 1694 2892 sunt
1720 2791 1902 2892 (Wipfel),
1929 2793 1983 2866 sic
2010 2791 2105 2864 dicta

234 2940 335 3014 haud
368 2939 480 3012 dubio
515 2937 602 3034 quia
628 2935 749 3010 ventis
776 2934 914 3034 agitata
938 2935 1115 3010 vacillant
1139 2937 1161 3008 i.
1190 2960 1221 3008 e.
1247 2933 1481 3043 ινςιιδιιίνοιτινι.
1524 2935 1724 3012 Praeterea
1750 2951 1875 3014 autem
1900 2936 2007 3046 κςιίδνι
2033 2907 2127 3010 rna·¹

228 3087 368 3162 velrinne
394 3087 492 3160 illius
518 3107 657 3158 nomen
683 3083 762 3174 fuit
790 3107 900 3180 quom
927 3081 1064 3156 Pollux
1088 3079 1154 3175 lV,
1183 3085 1252 3158 129
1280 3085 1319 3160 in
1346 3083 1541 3160 comoedia
1568 3083 1736 3182 ejusdem
1761 3111 1851 3160 usus
1876 3087 1991 3162 fuisse
2019 3079 2103 3158 dicit

229 3235 341 3332 cujus
366 3235 405 3306 in
429 3228 623 3330 tragoedis
648 3233 704 3316 ννίν
725 3231 885 3330 μηχιινιίι.
935 3227 1027 3304 Erat
1051 3243 1176 3307 autem
1201 3231 1356 3329 pensilis
1382 3257 1495 3330 supra
1521 3257 1683 3308 scenam.
1733 3231 1924 3311 Describit
1950 3230 2103 3308 eandem
2199 3247 2200 3284 ³

230 3381 445 3482 Hesychius
470 3383 612 3486 sip-pugio
643 3379 689 3474 (l.
722 3378 875 3484 ιὶγιιυρίς)
913 3375 952 3481 ἐξ
977 3372 1014 3466 ris
1038 3376 1209 3468 ἑνήνιτιιτο
1240 3387 1268 3454 ol
1293 3382 1325 3456 ἐν
1355 3391 1427 3464 ταῖς
1458 3365 1633 3486 recurretis
1664 3392 1832 3479 μηχαναῖς
1856 3381 2103 3480 ἐπιφαινόμενοι,

229 3529 273 3602 iu
305 3553 379 3625 quo
413 3527 514 3624 quod
545 3527 594 3602 de
624 3525 819 3624 tragoedis
851 3525 942 3600 dicit
973 3549 1050 3600 non
1084 3525 1257 3623 congruit
1282 3550 1367 3600 cum
1392 3523 1557 3600 Pollucis
1583 3527 1817 3620 testimonio,
1853 3554 1925 3607 neo
1953 3551 2037 3604 cum
2062 3521 2103 3596 iis
2199 3587 2200 3630 p

236 3697 331 3772 quoe
358 3673 578 3748 Plutarchus
603 3671 782 3748 Proverb.
803 3670 1006 3746 Alexandr.
1028 3669 1132 3746 Ceut.
1158 3669 1210 3764 ΙΙ,
1239 3675 1284 3748 16
1310 3673 1453 3770 profert
1485 3666 1605 3779 νςιίδνις
1630 3673 1786 3780 ῥαγείσης
1812 3704 1820 3722 ·
1846 3681 1896 3755 νῦν
1920 3679 1986 3776 οὐχ
2009 3673 2027 3750 o‘
2051 3697 2103 3746 σι·

231 3825 316 3909 made
349 3817 490 3922 κλάδος,
523 3823 603 3898 ἀλλ’
628 3823 648 3910 ri
674 3824 832 3928 ιίγινιςίς,
865 3823 928 3916 ἀφ’
951 3811 989 3908 ἧς
1014 3825 1042 3896 ol
1067 3821 1240 3928 ὑποκριταὶ
1264 3823 1295 3897 ἐν
1318 3831 1391 3905 uuis
1416 3832 1589 3928 τςινγιιιιιῒς
1613 3833 1781 3920 μηχαναῖς
1804 3818 2105 3930 &bessinus-ieri
2199 3861 2200 3920 p

231 3974 423 4070 -μιμούμννοι
453 3970 644 4065 ἐπιφάνειαν
677 4027 685 4046 .
711 4027 721 4046 .
746 4027 756 4046 .
783 3971 838 4046 r'rrl
868 3970 930 4044 nir
951 3968 1179 4072 προφαιέντνιι
1204 3963 1366 4064 αἰφνιδίως
1390 3979 1448 4048 aar
1471 3969 1669 4069 ἀσχημόνως
1685 4029 1695 4048 .
1709 3972 1847 4077 ιίγιιυςίς
1871 3982 1997 4046 autem
2023 3985 2103 4040 cum

237 4119 310 4192 hoc
336 4097 419 4190 loco
447 4115 598 4188 hamum
614 4115 819 4213 significet,
845 4140 923 4188 non
949 4115 1107 4188 multum
1132 4141 1222 4190 sane
1249 4115 1484 4214 discrepata
1510 4115 1662 4192 cardine
1675 4118 1833 4215 januae,
1860 4144 1934 4216 quo
1955 4119 2046 4192 haec
2064 4117 2103 4182 ut

236 4261 411 4336 machina
428 4261 493 4336 illa
512 4260 665 4359 pensilis
691 4261 745 4334 sic
769 4272 928 4352 tenetur,
954 4271 997 4334 ut
1021 4262 1257 4336 circumverti
1282 4273 1320 4336 et
1341 4263 1484 4336 moveri
1504 4263 1632 4360 possit.
1671 4261 1800 4361 Itaque
1826 4265 1873 4338 ab
1900 4267 1964 4342 illo
1989 4253 2103 4369 apa'ltc

235 4413 392 4517 papiens
417 4407 617 4506 proverbio
645 4419 814 4482 nostrum
840 4406 920 4499 ‚mit
938 4405 1005 4480 der
1025 4406 1129 4482 Thur
1150 4408 1219 4482 in’s
1238 4406 1346 4484 Hans
1365 4409 1488 4484 fallen‘
1515 4435 1593 4486 non
1618 4409 1776 4484 multum
1797 4409 1965 4486 abfuerit.
2005 4409 2101 4482 luter
2199 4487 2200 4490 Ἴ

240 4555 328 4630 card
353 4580 443 4628 vcro
471 4567 508 4626 et
533 4551 616 4661 agai
643 4577 687 4624 ea
711 4551 806 4626 ratio
834 4565 891 4658 est
917 4579 1010 4650 quae
1038 4555 1184 4652 saepius
1211 4565 1268 4628 est
1292 4555 1390 4630 inter
1408 4579 1543 4654 gruem
1560 4565 1600 4650 ,et
1618 4554 1734 4646 latina
1753 4557 1946 4631 vocabula
1986 4545 2099 4628 Simili

237 4729 329 4776 sune
354 4699 469 4776 modo
496 4725 630 4797 graeco
656 4695 786 4806 figulus
810 4697 966 4774 latinum
991 4699 1141 4792 bardus,
1167 4701 1296 4808 πράσον
1321 4725 1492 4798 porrum,
1518 4701 1633 4808 ιιςιίιις
1654 4723 1811 4796 coruus,
1842 4712 1949 4810 τρίτος
1971 4697 2098 4778 tertius

237 4849 450 4948 respondet
489 4847 661 4923 Ceterum
676 4848 755 4944 ejus
776 4847 941 4922 notionis
961 4871 1054 4944 quoe
1077 4847 1115 4920 in
1135 4847 1260 4925 verbis
1280 4843 1413 4948 spalda
1433 4858 1470 4922 et
1487 4845 1643 4956 νςιιῦινιιω
1663 4843 1900 4948 conspicitur,
1920 4837 2095 4930 vibrandi,

239 4994 520 5087 commovendi,
553 4991 741 5092 agitandi„
766 4993 893 5072 nescio
927 5018 975 5068 an
1007 4995 1165 5094 vestigia
1193 4995 1443 5072 remanserint
1466 4995 1507 5070 in
1535 4991 1676 5105 aegium
1715 5005 1754 5070 et
1776 4991 1920 5102 sipla&
1944 5007 2094 5097 quorum

238 5144 395 5216 alterum
423 5141 623 5241 synonymi
653 5143 799 5248 ῥόπαλον
823 5140 982 5216 similem
1008 5139 1191 5238 originem
1215 5139 1391 5216 habuisse
1418 5143 1644 5239 putaverim,
1677 5142 1851 5238 alterum,
1876 5144 2035 5222 lascivae
2061 5137 2095 5206 et
