4532 5882
1041 553 1096 646 15

278 786 345 838 vus
368 754 424 848 riu
448 752 624 870 diuaeque
650 760 749 865 apud
774 763 895 840 bonos
922 776 1088 842 auctores
1114 766 1249 872 legitur
1275 765 1375 868 (vids
1395 767 1493 848 Lob.
1523 772 1550 848 l.
1572 776 1637 875 c.).
1684 775 1785 852 Haec
1811 803 1856 854 ex

276 889 390 988 ipsius
416 883 579 962 Graecae
605 891 852 964 monumentis
878 887 1068 983 discimus,
1105 892 1175 968 aiis
1207 898 1427 998 comparatis
1460 896 1592 1000 linguis
1617 903 1852 1003 propinquis.

277 1008 448 1104 Quo'illa
459 1013 659 1114 pertinent,
688 1010 882 1116 dequibus
899 1015 1086 1118 praeclare
1099 1015 1266 1122 Boppius
1280 1017 1452 1096 disseruit
1464 1016 1513 1120 69)
1540 1021 1715 1100 feminina
1733 1023 1853 1102 adisc-

275 1137 434 1212 tivorum
449 1139 489 1210 in
507 1164 557 1218 ur,
582 1165 614 1208 εν
631 1136 731 1214 velut
742 1127 882 1212 τάλαινα
897 1163 967 1242 pro
986 1151 1153 1224 reios-ru,
1178 1136 1300 1252 τέρεινα
1316 1169 1386 1248 pro
1404 1173 1555 1254 rapsa-ru,
1584 1150 1852 1252 nominumque

275 1265 314 1336 in
338 1289 409 1368 τηρ,
436 1286 530 1363 quae
556 1277 618 1336 aut
643 1289 671 1344 a„
691 1259 831 1354 addito,
862 1255 1094 1374 (ὅρχῆστρι-α)
1111 1281 1174 1340 aut
1191 1261 1346 1343 tliuera
1371 1287 1532 1381 recepta,
1562 1266 1742 1376 (sumpt-t)
1769 1273 1857 1350 ilec-

274 1383 483 1486 tuntur⁷⁰);
517 1388 567 1459 ita
596 1401 638 1460 ut
669 1388 709 1459 in
739 1383 796 1460 his
829 1384 1014 1491 duplicem
1047 1389 1153 1464 illum
1179 1391 1335 1494 augendi
1361 1419 1502 1468 morem
1528 1394 1705 1470 alternare
1731 1395 1853 1472 videa·

274 1535 369 1583 mus.
412 1508 585 1585 Ceterum
596 1509 770 1585 latissime
786 1527 890 1614 patet
910 1541 934 1585 c
956 1513 1099 1592 litterae
1125 1519 1162 1590 io
1190 1515 1373 1592 femininis
1399 1517 1528 1594 affixae
1553 1545 1662 1594 usus:
1689 1513 1794 1608 illei-u
1810 1553 1856 1590 =

272 1623 401 1716 ›ider-a,
427 1660 529 1708 cuo-u
554 1637 706 1736 (cerr-u),
732 1661 834 1719 ero-u,
861 1663 979 1722 ero-u,
1005 1653 1104 1722 cto-u,
1130 1654 1227 1722 ῡσ-α,
1254 1667 1349 1744 quae
1376 1645 1499 1716 omnia
1524 1641 1609 1718 ideo
1636 1659 1777 1719 tantum
1802 1644 1857 1718 al-

274 1755 438 1851 ierimus,
465 1773 508 1832 ut
524 1759 784 1862 conspiciatur,
815 1785 925 1863 quam
945 1762 1159 1866 frequenter
1175 1763 1274 1838 'haec
1299 1763 1420 1840 littera
1437 1763 1603 1842 addatur.
1646 1765 1731 1842 Alia
1748 1768 1855 1842 huius

272 1886 327 1958 rei
353 1882 520 1986 exempla
544 1883 640 1958 inira
665 1886 773 1960 nobis
800 1899 1006 1970 occurrent.

423 2007 484 2081 Ab
503 2005 577 2082 hoc
602 2024 724 2083 autem
750 2006 1001 2096 addendamm
1026 2011 1230 2088 litterarum
1247 2011 1362 2089 modo
1380 2012 1621 2117 distnguenda
1639 2031 1694 2090 est
1709 2015 1856 2118 linguae

275 2127 453 2232 quaedam
479 2129 722 2227 abundantis,
757 2133 960 2236 sepundum
987 2163 1098 2239 quam
1124 2161 1201 2212 non
1226 2155 1383 2242 propter
1408 2121 1641 2216 commodam
1667 2139 1854 2242 negligen-

271 2257 372 2348 tiam,
401 2281 523 2359 neque
549 2255 669 2332 hiatus
694 2256 834 2332 vitandi
860 2283 979 2352 causa,
1009 2257 1074 2335 sed
1100 2261 1278 2364 plenioris
1304 2267 1389 2346 soni,
1412 2261 1584 2366 captandi
1601 2267 1725 2366 gratia,
1754 2263 1854 2340 haud
1915 2278 1917 2289 '

225 2463 227 2467 ⁸
270 2378 442 2454 inclinata
468 2379 752 2480 significatione,
787 2383 946 2456 nominis
978 2383 1132 2458 themati
1164 2383 1349 2459 interdum
1375 2387 1488 2461 altera
1513 2391 1722 2462 terminatio
1749 2385 1853 2462 addi·

269 2519 344 2578 tur.
388 2499 475 2598 Quo
493 2503 647 2579 fortiore
673 2527 767 2578 sono
793 2508 970 2582 intentior
997 2506 1147 2610 quidem
1164 2509 1337 2584 vocabuli
1362 2508 1575 2613 significatio
1601 2509 1683 2582 fieri
1706 2525 1852 2613 potest3

204 2669 209 2678 ·
271 2623 335 2702 sed
368 2651 446 2703 non
476 2633 628 2733 proprie
662 2631 893 2724 immutatur,
931 2657 1055 2735 neque
1087 2631 1290 2708 traducitur
1320 2635 1366 2709 ab
1403 2628 1666 2709 adiectivorum
1699 2637 1738 2708 in
1768 2635 1855 2708 sub-

270 2756 529 2846 stantirorum,
557 2753 618 2831 vel
644 2755 691 2828 ab
724 2753 860 2829 horum
892 2759 932 2830 in
957 2755 1108 2832 illorum
1136 2756 1325 2852 ordinem,
1365 2785 1437 2863 qua
1463 2762 1502 2832 in
1527 2785 1568 2833 re
1581 2783 1679 2835 ¹vera
1704 2755 1855 2832 suffixo-

269 2903 352 2952 rum
377 2883 431 2955 vis
458 2881 627 2953 cernitur.
679 2877 841 2954 Romani
867 2897 1010 2974 autem,
1048 2897 1277 2986 quantopere
1293 2903 1476 2962 ,numeros
1502 2886 1678 2958 orationis
1705 2905 1855 2958 sonum·

270 3027 344 3104 que
378 3003 530 3106 plenum
565 3001 737 3105 diligant,
757 3103 760 3112 ι
779 3008 888 3080 etiam
925 3009 965 3078 in
991 3007 1201 3079 nominibus
1217 3005 1436 3118 uformandis
1469 3009 1643 3111 probant.
1703 3006 1855 3110 Duplex

269 3127 368 3200 enim
394 3124 493 3229 apud
520 3149 585 3200 eos
611 3125 782 3199 suffixum
808 3151 929 3226 saepe.
944 3126 1246 3226 deprehenditur,
1276 3153 1310 3200 c.
1341 3156 1375 3227 g.
1405 3133 1436 3203 si

607 3262 610 3269 '
778 3272 918 3322 sem-cn
945 3273 1030 3322 curn
1051 3255 1275 3322 ‘sem-entis

671 3415 673 3422 >
777 3397 870 3447 veru
979 3411 996 3427 ·
1062 3383 1263 3446 veru-tum

650 3517 654 3526 “
777 3511 927 3600 pest-en
975 3537 993 3552 -
1058 3495 1275 3595 tol-eno(n)

777 3623 920 3698 vir-tue
973 3661 989 3676 ·
1056 3619 1290 3696 beati-tuden

271 3771 536 3851 comparamus.
596 3742 744 3820 Deinde
775 3756 804 3820 u·
833 3743 1023 3837 suffixum,
1066 3743 1168 3848 quod
1204 3747 1403 3850 praecipue
1440 3745 1618 3820 abstracta
1648 3745 1783 3821 format
1815 3749 1855 3820 in

270 3873 393 3978 lingua
410 3869 606 3963 Senserita,
636 3868 853 3973 Graecaque
879 3871 930 3968 (rs¹
944 3883 981 3944 et
998 3874 1061 3965 σι),
1092 3881 1129 3945 et
1153 3871 1192 3944 in
1215 3869 1349 3944 Latino
1373 3879 1522 3970 pes-tt-s,
1536 3869 1689 3975 susti-s
1712 3867 1855 3945 nudum

271 3999 509 4103 conspicitur,
538 3998 577 4070 in
603 3996 788 4095 ac·ti-o(n)
814 3992 1013 4098 multisque
1040 3993 1118 4069 aliis
1145 4019 1220 4087 0n;
1243 3997 1293 4067 in
1319 3979 1488 4068 insti-um
1515 4023 1558 4088 u,
1588 3998 1663 4072 sive
1689 4019 1713 4070 o
1738 3993 1850 4088 deas,

269 4139 311 4200 ut
321 4121 476 4198 alterurn
488 4120 660 4196 suffixum
677 4122 716 4193 in
729 4143 768 4194 se
793 4121 938 4222 recipit.
986 4117 1126 4194 Similia
1139 4131 1225 4193 sunt
1237 4108 1427 4218 suc-inus
1445 4145 1607 4222 quocum
1624 4123 1855 4224 argaman),

269 4255 422 4333 tt-r'n-er,
452 4273 616 4350 quocum
642 4247 886 4320 nominativus
912 4255 996 4319 tter·
1021 4243 1253 4337 conseratur3
1289 4267 1411 4346 neque
1438 4249 1558 4318 minus
1583 4248 1623 4318 in
1649 4241 1854 4319 doc-trt-na

165 4463 169 4478 μ
269 4379 455 4474 pst-trinu
486 4370 614 4447 suffixa
645 4369 827 4467 cumulata
859 4385 955 4444 sunt.
1013 4367 1145 4443 Graeci
1175 4371 1268 4442 sicut
1298 4372 1451 4444 omnino
1476 4367 1629 4443 modum
1653 4367 1764 4442 rebus
1789 4363 1854 4442 ad-

272 4495 402 4572 hibere
428 4497 611 4588 sciebant,
640 4498 690 4570 ita
723 4519 806 4569 raro
840 4491 1069 4569 abundanter
1094 4491 1231 4568 suffixis
1256 4496 1314 4567 usi
1339 4509 1436 4568 sunt.
1465 4479 1535 4568 ¹In
1562 4481 1767 4590 quibui-avr
1797 4508 1851 4568 ta·

329 4871 372 4954 ⁶⁹)
413 4871 516 4957 Vergl.
538 4829 598 4932 Gr.⁸
614 4893 644 4952 p.
655 4871 725 4934 139.
746 4893 801 4952 sq,
822 4870 991 4934 conseratur
1011 4819 1097 4932 etism
1117 4867 1292 4932 Ahrensde
1314 4870 1391 4935 diall.
1411 4867 1543 4933 Aeolicis
1563 4891 1592 4952 p.
1603 4867 1654 4932 54.
1752 4937 1754 4942 ,

330 4970 371 5054 ⁷⁰)
413 4973 526 5038 accedit
556 4971 642 5036 tertia
673 4973 758 5051 rati0,
789 4983 823 5034 ut
850 4997 859 5032 ι
886 4981 1088 5054 usurparetur
1119 4971 1150 5030 in
1178 4967 1314 5052 syllabam
1341 4971 1487 5054 priorem:
1519 4963 1661 5059 pertesus
1686 4990 1742 5053 pro
1770 4993 1852 5050 γενι-

275 5074 390 5162 deles·
