4520 5896
1100 223 1136 273 lx

159 391 305 483 cessit,
345 393 397 466 ibi
431 395 630 492 praecipue
663 394 728 468 ubi
763 395 929 468 medium
964 396 1062 469 inter
1094 397 1187 470 duas
1221 401 1374 475 vocales
1408 403 1533 476 locum
1559 405 1731 497 tenebat,
1770 406 1876 478 utin
1904 409 2068 514 ἐφςοίγην,

153 540 297 634 πληγή.
364 538 530 612 Confusa
557 539 673 610 semel
708 551 745 611 et
783 540 1000 635 perturbata
1025 543 1183 636 pristina
1212 545 1361 643 linguae
1389 549 1562 646 analogia
1588 549 1763 646 contagio
1791 549 1838 622 ad
1865 551 1956 624 alias
1978 577 2066 648 quo·

154 714 239 784 que
266 689 406 760 formas
434 684 487 756 ita
512 683 707 779 pertinuit,
734 696 776 756 ut
807 701 939 756 contra
968 685 1109 781 justam
1136 713 1306 772 normam
1333 723 1360 794 'p
1386 717 1408 763 a
1434 693 1623 790 geminato
1651 727 1675 770 σ
1700 697 1779 768 fere
1805 721 1883 768 non
1916 696 2065 793 longius

151 857 280 930 quam
304 863 327 907 κ
352 831 413 902 vel
439 861 468 927 χ
494 828 625 900 abesse
653 827 853 901 videretur.

330 973 506 1048 Ceterum
533 973 674 1046 nonin
716 973 760 1044 iis
787 985 933 1045 tantum
974 998 1067 1069 quae
1096 1001 1118 1046 a
1144 977 1253 1050 nobis
1284 991 1443 1052 tractata
1462 994 1567 1054 sunt
1600 983 1746 1074 verbis,
1788 983 1994 1056 sedetiam
2022 985 2061 1058 in

151 1121 247 1193 aliis
276 1117 377 1192 haud
406 1117 534 1214 paucis
563 1116 693 1188 eadem
719 1150 741 1192 κ
766 1117 911 1188 litterae
940 1117 977 1188 in
1003 1149 1029 1218 p
1051 1121 1207 1192 mutatio
1227 1123 1327 1196 facta
1347 1137 1414 1197 est.
1444 1123 1537 1198 Nam
1566 1129 1627 1222 qui
1657 1124 1885 1201 Graecorum
1907 1139 2057 1232 μίσγω,

41 1323 44 1330 .
148 1271 279 1366 ἐμίγην
313 1287 397 1336 eum
425 1261 681 1334 Romanorum
708 1261 874 1334 naiaceo
904 1275 940 1335 et
967 1263 1146 1337 Indorum
1163 1267 1330 1362 ejusdem
1352 1270 1636 1368 significationis
1657 1272 1775 1345 verbo
1812 1273 2060 1371 rnicrujdmi,
2134 1327 2137 1337 ·
2220 1256 2223 1269 ⁸

149 1415 174 1484 i.
208 1438 244 1484 e.
272 1406 538 1502 mileu-jdmi
561 1420 764 1503 comparat,
792 1408 880 1504 quin
900 1439 965 1508 μιγ
992 1435 1039 1480 ex
1065 1442 1125 1506 μικ
1152 1412 1292 1485 facturn
1310 1415 1368 1505 sit,
1389 1441 1466 1487 non
1488 1414 1682 1488 dubitabit.
1734 1415 1922 1521 wlpra-pu,
1962 1420 2059 1497 dard.

147 1589 233 1662 γην,
258 1557 401 1655 adp-er
427 1577 533 1628 neca
540 1575 679 1652 pura-90
701 1553 887 1649 pre-pipi
912 1557 1076 1650 separari
1106 1569 1240 1652 potest,
1280 1583 1349 1630 nee
1377 1559 1423 1630 ab
1452 1583 1509 1650 eo,
1549 1558 1649 1654 quod
1677 1562 1849 1657 antiquos
1877 1589 1945 1660 pro
1972 1590 2057 1660 pac·

148 1705 266 1778 tione
306 1727 508 1802 usurpasse
543 1699 677 1772 Festus
718 1701 768 1794 (p.
797 1697 891 1798 250),
928 1697 1059 1783 tradit,
1094 1701 1258 1794 piac-io.
1312 1700 1452 1774 Eadem
1480 1703 1593 1800 igitur
1633 1704 1741 1776 radix
1776 1719 1832 1779 est
1872 1719 1982 1804 atque
2018 1710 2058 1784 in

152 1851 348 1923 sanserito
370 1873 446 1945 pac
459 1850 481 1920 i.
509 1871 540 1919 e.
564 1843 650 1942 pulc,
678 1867 772 1938 quae
800 1840 917 1937 ligare
946 1841 1132 1938 significat
1153 1857 1190 1916 et
1217 1845 1255 1916 in
1281 1848 1465 1943 majorum
1499 1863 1714 1923 nostrorum
1733 1853 1911 1950 sula-ou,
1952 1855 2057 1950 cujus

154 1995 389 2092 significatio
416 1992 588 2090 proxime
617 1987 774 2060 adeam
802 1984 1068 2080 acceditquae
1097 1989 1216 2059 estin
1245 1987 1474 2065 Graecorum
1499 1999 1607 2095 πάγη.
1661 2000 1800 2095 ὀλίγα-ς
1838 2011 1939 2070 reete
1968 2025 2053 2072 cum

151 2139 347 2212 sanserito
389 2137 435 2232 u'q
468 2137 489 2208 i.
526 2161 556 2208 e.
585 2133 634 2205 lile
661 2157 779 2227 eoque
810 2142 1049 2227 comparatur
1076 2131 1175 2226 quod
1212 2133 1299 2206 inde
1328 2137 1524 2211 deducitur
1552 2140 1659 2234 Ilpa-s
1687 2140 1709 2211 i.
1738 2165 1768 2213 e.
1798 2141 1930 2214 leika-s
1957 2149 2055 2238 (par-

148 2284 258 2380 vus).
310 2280 408 2388 ὄρτυξ
434 2303 658 2377 quamquam
685 2278 723 2348 in
750 2276 926 2374 genetivo
950 2298 1038 2346 casu
1065 2273 1203 2376 ὄρτυγος
1229 2277 1344 2352 habet
1369 2295 1496 2358 tamen
1523 2286 1713 2358 diversum
1740 2297 1897 2359 nonest
1923 2287 1970 2358 ab
1998 2287 2055 2362 ln-

150 2427 295 2501 dorum
323 2427 491 2523 ejusdem
519 2425 599 2497 avis
626 2421 777 2497 nomine
812 2418 962 2492 vert-alal.
1014 2417 1130 2521 ἅρπαξ
1159 2425 1313 2530 ἅρπαγος
1348 2429 1377 2500 si
1413 2455 1435 2501 a
1466 2428 1721 2502 Romanorum
1758 2455 1877 2526 rapax
1910 2434 2056 2528 rapacis

149 2555 311 2652 proprie
339 2553 529 2626 diversum
556 2577 633 2623 non
661 2550 775 2636 fuisse
803 2547 1018 2638 statuimus,
1047 2575 1159 2622 uerno
1186 2578 1256 2626 nos
1270 2555 1406 2628 nimiae
1435 2555 1610 2628 audaciae
1639 2569 1780 2654 arguet.
1819 2555 1989 2655 Denique
2017 2560 2056 2635 in

149 2699 327 2796 ipsorum
354 2695 584 2772 Graecorum
612 2719 787 2770 sermone
815 2692 897 2788 quis
924 2692 1078 2788 negabit
1103 2697 1214 2800 dplpo
1236 2714 1272 2773 et
1298 2697 1414 2805 α’ςωγή
1439 2725 1523 2772 cum
1550 2703 1654 2807 α’ςκὲω
1691 2715 1727 2775 et
1753 2704 1844 2790 α’λκή
1857 2703 2050 2800 latinoque

151 2842 312 2916 arcendi
352 2843 469 2914 verbo
512 2854 713 2938 cognatum
758 2863 858 2928 esse,
897 2836 958 2907 vel
997 2839 1137 2939 τήγανον
1164 2870 1185 2914 a
1211 2848 1297 2932 τήκω
1321 2845 1506 2918 derivari?
1547 2845 1802 2918 Democritum
1830 2845 2052 2920 Abderitam

149 2985 323 3087 διαθηγήν
348 3012 416 3083 pro
445 2986 590 3082 vulgari
616 2981 773 3072 διαθήκην
800 2985 939 3062 dixisse
968 2991 1179 3064 Lobeckius
1207 2989 1270 3087 (ad
1297 2989 1434 3061 Buttm.
1461 2988 1507 3060 ll.
1535 2989 1624 3086 401)
1648 2989 1784 3061 Suidae
1805 3003 1842 3062 et
1861 2989 2051 3088 Hesychio

150 3133 288 3224 eredit,
315 3157 540 3228 quamquam
567 3129 614 3202 de
642 3130 714 3202 boc
741 3132 858 3204 verbo
888 3135 949 3205 alii
985 3136 1092 3209 aliter
1116 3133 1340 3231 judicarunt.
1394 3131 1497 3219 Quae
1526 3133 1700 3227 exempla
1737 3157 1815 3204 non
1850 3133 1935 3204 ideo
1964 3159 2050 3207 con·

152 3261 272 3359 gessi,
299 3273 341 3332 ut
366 3259 624 3355 imperitorum
651 3257 847 3332 hominum
887 3287 992 3336 more
1019 3263 1111 3335 nihil
1143 3263 1220 3333 fere
1248 3262 1345 3333 inter
1370 3271 1523 3333 tenuem
1552 3271 1589 3330 et
1614 3257 1776 3330 mediam
1804 3259 1985 3332 interesse
2013 3272 2052 3335 et

157 3408 356 3502 utriusque
384 3429 493 3476 usum
528 3404 638 3500 plane
665 3409 916 3501 promiscuum
945 3407 1059 3480 fuisse
1101 3418 1314 3478 statuerem.
1367 3409 1400 3475 A
1440 3405 1544 3477 nulla
1572 3405 1669 3476 enim
1699 3405 1874 3500 opinione
1901 3406 2051 3504 longius

151 3553 301 3626 absum.
341 3548 461 3620 Immo
490 3548 520 3620 si
548 3547 629 3643 quis
656 3547 749 3621 haec
777 3551 950 3646 exempla
975 3551 1227 3648 perlustrabit,
1254 3550 1292 3622 in
1320 3549 1494 3622 omnibus
1520 3550 1597 3620 fere
1623 3580 1645 3624 κ
1672 3560 1736 3620 aut
1761 3548 1926 3621 medium
1952 3551 2050 3624 inter

152 3695 253 3770 duas
286 3691 437 3765 vocales
463 3691 588 3762 locum
615 3703 743 3766 tenere
772 3707 835 3766 aut
873 3720 991 3793 prope
1018 3696 1185 3768 nasalem
1210 3695 1372 3767 litteram
1412 3693 1501 3791 poni
1533 3693 1707 3766 inveniet.
1760 3692 1884 3766 Unum
1914 3695 2050 3793 excipi·

151 3861 216 3922 tur
245 3855 367 3942 μίσγω,
394 3838 521 3932 inquo
547 3873 574 3944 γ
601 3839 742 3912 aoristo
768 3848 902 3942 μιγῆναι
930 3840 1059 3914 deberi
1087 3839 1255 3931 videtur,
1284 3837 1352 3912 sed
1377 3839 1464 3912 huic
1492 3838 1615 3910 affinis
1643 3849 1700 3912 est
1728 3839 1846 3911 altera
1871 3865 2046 3936 praesen-

152 3997 203 4070 tis
234 3999 356 4070 forma
382 3997 529 4086 μίγνυμι.
583 3981 706 4073 Quare
735 3987 847 4060 etiam
873 3989 911 4062 in
940 3987 1009 4059 hac
1037 3985 1225 4058 anomalia
1251 3983 1440 4082 quandam
1470 3985 1682 4083 analogiam
1709 3981 1930 4057 deteximus.
