4520 5896
1077 85 1116 134 lx

1177 169 1254 178 ..ι-..ιι

124 290 202 389 qui
233 316 267 389 p.
283 292 330 366 98
357 291 417 389 ὁμ-
442 289 590 382 radicis,
617 313 730 386 quam
756 287 875 387 ponit,
902 288 1152 386 antiquiorem
1172 289 1334 363 formam
1359 289 1444 395 cin,
1479 289 1777 388 antiquissimam
1801 290 1899 390 θαμ-
1925 291 2043 368 fuisse

123 437 349 513 contendit.
403 435 643 512 Contrarium
669 437 709 508 in
735 433 891 509 modum
918 434 1130 510 Lobeckius
1147 397 1333 534 disputat,
1362 436 1426 534 qui
1453 433 1587 534 (Elem.
1607 437 1748 535 pathol.
1770 463 1807 536 p.
1825 439 1913 535 101)
1940 449 2044 514 vete·

121 583 247 657 ribus
281 582 508 682 etymologis
539 579 647 679 θαίμοι
677 585 882 681 πλεονασμῷ
914 582 1006 662 τοῦθ
1063 607 1111 654 ex
1145 581 1223 681 ἅμα
1257 579 1515 658 derivantibus
1552 609 1777 682 quamquam
1813 584 2043 660 dubibanter

123 729 356 804 assentitur.
407 725 552 802 Verum
588 727 651 826 qui
677 727 724 802 de
755 727 1023 826 antiquissimis
1048 727 1320 802 vocabulorum
1348 752 1570 827 graecorum
1597 729 1728 804 formis
1754 729 1807 804 ita
1827 729 1973 827 judicat
1998 741 2043 806 ut

126 874 353 950 sanscritae
380 873 591 971 latinaeque
621 874 923 972 reliquarumque
950 874 1061 972 hujus
1089 874 1243 973 originis
1270 874 1481 973 linguarum
1508 877 1650 950 nullam
1679 876 1862 950 rationem
1892 877 2041 970 habeat,

121 1021 162 1094 is
195 1020 358 1094 omnino
386 1045 463 1093 non
486 1019 631 1118 judicat
657 1019 723 1094 sed
751 1020 895 1095 divinat
922 1031 960 1096 et
987 1021 1206 1118 suspicatur.
1249 1020 1378 1118 ltaque
1406 1046 1491 1094 cum
1519 1023 1689 1120 spiritum
1711 1046 1885 1120 asperum
1909 1023 1947 1096 in
1969 1022 2042 1098 hac

121 1190 238 1240 voce
266 1189 316 1240 ex
341 1189 360 1239 a
388 1177 512 1239 ortum
542 1191 624 1240 esse
652 1181 810 1258 constet,
837 1192 855 1240 a
883 1179 1006 1240 autem
1029 1167 1174 1240 litterae
1194 1167 1232 1240 in
1255 1166 1309 1239 dl
1328 1167 1459 1250 sive&
1486 1170 1548 1244 vel
1573 1169 1604 1250 θ
1629 1170 1776 1244 litterae
1802 1169 1839 1242 in
1868 1169 2041 1267 spiritum

124 1335 321 1409 asperum
348 1335 554 1384 conversae
584 1312 800 1410 exemplum
826 1337 903 1386 non
930 1311 1153 1402 inveniatur,
1181 1325 1336 1409 apparet
1362 1326 1464 1388 recte
1486 1315 1566 1412 jam
1594 1341 1617 1389 a
1641 1313 1768 1389 Pottio
1796 1311 1870 1413 (Et.
1884 1311 2040 1389 Forsch.

128 1455 186 1550 II,
221 1456 289 1555 56)
322 1481 387 1530 eos
415 1457 647 1555 vituperatos
674 1483 773 1550 esse,
810 1458 873 1556 qui
897 1459 975 1556 ἅμα
1004 1471 1038 1532 et
1065 1455 1173 1555 θαμά
1206 1457 1303 1530 inter
1330 1483 1370 1532 se
1397 1469 1558 1558 cognata
1585 1484 1667 1534 esse
1696 1458 1881 1551 dicerent,
1916 1483 2041 1556 neque

123 1603 265 1703 magis
302 1567 481 1678 credibile
517 1629 600 1678 esse
626 1602 784 1678 Homeri
809 1630 949 1678 nomen
977 1629 1062 1678 cum
1089 1602 1300 1702 Thamyrae
1329 1605 1541 1680 cohaerere.
1595 1603 1831 1702 Quamquam
1861 1605 1908 1678 ad
1935 1606 2040 1680 illam

124 1750 414 1851 etymologiam
441 1749 735 1848 impugnandam
761 1751 840 1824 fere
863 1751 942 1848 jam
969 1749 1252 1848 significationis
1272 1751 1366 1824 ratio
1388 1751 1589 1843 sufficeret,
1617 1776 1711 1848 quae
1732 1751 1884 1824 minime
1907 1751 2042 1828 eadem

125 1909 194 1972 est
225 1896 568 1996 indiscretioni
604 1907 641 1970 et
668 1921 761 1994 quae
788 1895 875 1969 inde
903 1895 1120 1971 derivantur
1145 1895 1304 1999 θαμινός,
1335 1897 1502 2002 θαμειαί,
1527 1895 1676 1999 θαμίζω.
1728 1892 1848 1970 Simul
1874 1897 1974 1969 enim
2002 1908 2042 1972 et

125 2045 362 2141 frequenter
394 2043 580 2116 vocabula
615 2067 839 2138 quamquam
872 2041 910 2116 id
944 2042 1045 2142 quod
1077 2045 1115 2118 in
1148 2058 1278 2119 nostro
1307 2069 1480 2118 sermone
1509 2055 1566 2118 est
1592 2067 1809 2117 zusammen
1835 2053 2036 2139 utrumque

126 2189 424 2290 quodammodo
452 2189 663 2288 significare
692 2188 851 2280 videtur,
879 2189 969 2264 satis
994 2200 1122 2265 tamen
1149 2189 1246 2264 inter
1272 2217 1311 2264 ae
1340 2191 1564 2289 discrepant.

303 2335 422 2410 Paulo
450 2335 589 2412 diutius
617 2335 838 2410 commorati
866 2359 994 2412 sumus
1020 2337 1060 2410 in
1085 2337 1188 2410 falsis
1216 2337 1476 2436 etymologicis
1503 2333 1729 2424 refutandis,
1763 2359 1841 2408 non
1868 2357 1942 2430 quo
1971 2355 2038 2406 eas

127 2509 152 2556 a
182 2481 319 2556 multis
345 2482 547 2580 probatum
573 2483 618 2555 iri
646 2481 868 2573 existimem,
895 2480 963 2556 sed
989 2494 1031 2556 ut
1056 2507 1158 2556 novo
1186 2483 1361 2581 exemplo
1389 2482 1680 2570 demonstretur,
1707 2480 1746 2552 in
1771 2478 1831 2552 his
1852 2475 2037 2574 quaestio·

127 2629 254 2703 nibus
283 2627 356 2703 nisi
382 2629 594 2703 cautissime
623 2641 661 2702 et
687 2626 969 2728 diligentissime
995 2639 1203 2703 tractentur
1229 2627 1278 2703 ad
1303 2655 1435 2704 verum
1463 2625 1652 2728 perveniri
1678 2650 1756 2699 non
1782 2647 1905 2722 posse.
