4520 5896
777 786 928 794 ..-
984 755 1003 824 7
1062 785 1212 794 ,,,,.,

299 952 407 1018 radice
429 951 577 1037 proiecta
600 971 671 1020 esse
693 953 862 1019 eredimus.
907 952 1014 1032 Quare
1037 972 1109 1018 cum
1131 951 1217 1018 haud
1239 972 1343 1035 pauca
1365 951 1529 1029 vocabula,
1553 951 1594 1017 de
1616 955 1685 1034 qui·

286 1073 359 1158 ¹que
380 1071 519 1157 Etymol.
544 1069 598 1138 Gr.
613 1094 644 1156 p.
660 1075 724 1136 464
746 1072 805 1156 egi,
828 1077 958 1138 tenuem
981 1071 1129 1138 labialem
1152 1071 1185 1136 in
1208 1071 1384 1156 aspiratam
1406 1073 1684 1152 commutaverint,

298 1193 364 1258 alia
393 1191 516 1258 ibidem
541 1213 571 1274 p.
599 1195 661 1257 639
691 1212 713 1256 a
739 1211 790 1257 me
818 1196 961 1258 tractata
990 1189 1122 1274 spiritus
1151 1190 1233 1256 lenis
1258 1189 1329 1255 loeo
1355 1211 1506 1276 asperum
1532 1191 1683 1265 babeant,

299 1310 447 1394 equidem
469 1331 533 1376 non
556 1309 669 1376 dubito
692 1311 769 1393 quin
791 1311 824 1375 in
846 1311 906 1376 bac
929 1309 1040 1375 radice
1062 1315 1235 1394 utrumque
1251 1309 1371 1376 iactum
1393 1310 1444 1388 alt
1477 1309 1606 1376 Nullam
1628 1312 1685 1395 igi·

298 1435 351 1495 tur
373 1429 440 1494 veri
467 1429 571 1494 simile
598 1435 649 1495 est
674 1449 817 1513 unquam
844 1427 942 1495 luisse
974 1449 1148 1494 consonam
1178 1429 1350 1507 initialem,
1380 1449 1445 1513 qua
1476 1435 1684 1513 augmentum

297 1548 489 1634 syllabicam
511 1549 659 1616 excusari
680 1549 731 1613 rel
753 1554 861 1633 potius
884 1547 1038 1632 explicari
1060 1554 1178 1632 posset.

383 1666 599 1733 Sustinnimns
626 1668 689 1733 huo
711 1688 814 1751 usque
837 1667 1040 1751 grammatici
1062 1687 1251 1752 personam,
1274 1687 1358 1733 nuno
1380 1667 1564 1750 interpretis
1587 1669 1685 1751 parti·

297 1784 358 1851 bus
381 1787 537 1870 susceptis
565 1786 784 1870 quaerendum
818 1787 881 1851 erit
914 1785 991 1870 qnid
1023 1785 1095 1870 ipsa
1117 1785 1250 1852 Homeri
1281 1784 1378 1851 verba
1410 1786 1586 1869 requirant.
1636 1789 1683 1852 Ao

297 1901 483 1988 Spitznerus
506 1907 634 1990 quidem
656 1913 731 1992 post
751 1907 865 1989 longas
888 1904 1015 1970 dicendi
1038 1904 1192 1990 ambages
1214 1927 1246 1990 p.
1260 1903 1369 1970 XXIII
1391 1923 1428 1969 eo
1451 1903 1589 1987 denique
1611 1925 1683 1988 per·

297 2021 427 2088 ducitur
450 2029 487 2090 ut
508 2025 589 2091 haee
604 2024 761 2110 proferat:
784 2023 945 2090 ‘Nondum
960 2025 1142 2108 perspicere
1163 2044 1304 2108 possum,
1327 2021 1403 2106 quid
1418 2023 1583 2106 impediat,
1606 2045 1685 2108 quo-

297 2141 403 2206 minus
425 2143 490 2209 ista
512 2147 642 2228 proprie
664 2145 880 2228 intelligamus
901 2143 942 2208 de
958 2141 1070 2227 clypeo
1085 2163 1125 2208 ac
1142 2143 1237 2226 galea
1254 2142 1391 2227 jacentis
1407 2143 1490 2210 eollo
1513 2143 1684 2227 alligatis

297 2264 421 2326 etune
449 2281 521 2327 eum
547 2269 694 2347 postrato
722 2261 879 2348 delapsis.’
927 2262 1057 2328 PutavIt
1083 2261 1181 2345 igitur
1209 2261 1303 2330 homo
1334 2261 1538 2327 doctissimus
1566 2253 1684 2350 ἑάφθη

296 2377 604 2466 plusquamperieoti
619 2383 726 2449 locum
742 2390 864 2456 tenere,
885 2386 923 2446 ut
937 2387 1022 2446 esset
1035 2379 1121 2448 idem
1136 2380 1223 2464 quod
1237 2381 1386 2467 συνῆπτο
1407 2381 1458 2446 rel
1481 2386 1519 2446 ut
1540 2380 1681 2447 Doeder-

297 2497 392 2564 linins
414 2497 575 2584 Spitzueri
593 2502 718 2586 judicio
740 2521 892 2568 asreenus
915 2500 1011 2566 vertit
1032 2523 1080 2580 „a
1102 2502 1241 2587 testate.“
1278 2499 1361 2566 Miro
1384 2500 1468 2565 enim
1490 2499 1585 2566 modo
1607 2501 1683 2566 olim

296 2624 458 2685 nostrates
488 2619 550 2687 hoe
572 2621 669 2688 verbo
698 2615 880 2707 germanico
906 2620 958 2685 nsi
985 2625 1061 2685 sunt
1087 2625 1123 2684 ut
1149 2637 1302 2704 graecum
1330 2613 1449 2684 ἅπτειν
1477 2620 1509 2684 in
1538 2626 1684 2686 nostrum

296 2755 476 2804 sermonem
498 2747 734 2819 converterent,
757 2739 884 2824 decepti
906 2739 1051 2824 quidem,
1074 2738 1242 2816 uitellos,
1272 2727 1345 2804 s'oni
1366 2738 1592 2816 simulitudine,
1620 2759 1686 2820 qua

296 2853 422 2923 illorum
454 2865 635 2942 temporum
666 2860 804 2926 caecitas
832 2861 904 2926 sola
935 2859 968 2924 in
999 2857 1166 2942 captandis
1196 2857 1463 2944 etymologiarum
1488 2858 1610 2924 umbris
1636 2859 1683 2923 uti

297 2975 412 3058 potuit.
459 2979 519 3043 Est
544 2978 606 3044 hoe
630 2983 735 3042 autem
762 2978 912 3043 uniuerso
939 2977 1055 3042 aoristi
1081 2975 1196 3042 Graeci
1223 2978 1297 3042 narsi
1326 2976 1540 3056 contrarium,
1569 2979 1687 3061 quippe

296 3093 352 3177 qui
375 3115 447 3159 eum
470 3096 512 3161 ab
527 3096 645 3162 Atticis
667 3095 807 3161 maxime
829 3094 1042 3177 scriptoribus
1068 3095 1256 3178 saepissime
1278 3096 1319 3160 de
1342 3095 1438 3160 rebus
1469 3101 1566 3161 antea
1589 3097 1684 3162 saetis
1767 3107 1776 3118 ·

297 3211 436 3290 dicatur,
466 3220 574 3280 tamen
597 3213 639 3281 ad
663 3214 874 3280 conditionem
898 3213 1039 3297 aliquam
1062 3215 1246 3280 etiamnunc
1268 3215 1486 3280 continuatam
1510 3219 1543 3279 et
1566 3213 1683 3280 duran-

297 3337 360 3397 tem
389 3333 632 3416 eignifioandam
661 3339 758 3419 aptus
784 3332 913 3398 omnino
938 3353 1002 3398 non
1031 3334 1081 3399 sit.
1126 3331 1244 3400 Obstat
1265 3339 1435 3418 praeterea
1459 3337 1547 3398 totus
1569 3333 1684 3398 verbo-

295 3471 367 3516 rum
389 3471 499 3518 nexus.
543 3453 628 3531 Quid
656 3454 740 3518 enim
770 3452 831 3518 hoe
860 3458 910 3518 est
932 3457 983 3530 (N
1003 3457 1094 3532 543J:
1122 3452 1288 3518 inclinarit
1309 3457 1420 3536 eaput,
1450 3451 1491 3516 ad
1520 3453 1607 3536 quod
1630 3453 1683 3519 cli·

295 3589 375 3653 psus
397 3569 550 3654 alligatus
572 3571 641 3650 fuit,
665 3567 710 3653 (Ξ
731 3571 808 3657 419)
832 3571 915 3656 fugit
937 3593 1067 3646 manum
1086 3553 1240 3655 jacnlum,
1263 3573 1305 3640 ad
1327 3573 1415 3656 quod
1437 3571 1588 3655 alligatus
1611 3579 1683 3639 erat

295 3687 426 3774 clupeus
457 3696 490 3754 et
522 3689 636 3773 galea?
684 3691 763 3769 Quis
790 3711 912 3775 quaeso
938 3690 1019 3757 talia
1047 3691 1103 3758 ubi
1132 3692 1181 3756 vel
1214 3691 1449 3776 aliquantisper
1478 3693 1684 3774 reputaverit,

295 3807 336 3873 ab
359 3808 501 3875 Homero
531 3809 678 3892 prosecta
706 3831 776 3876 esse
805 3809 866 3876 sibi
887 3809 920 3874 in
943 3815 1082 3876 mentam
1105 3811 1256 3878 inducet?
1300 3811 1474 3876 Senserunt
1500 3808 1562 3875 hoe
1584 3811 1613 3876 ei
1635 3811 1683 3875 in-

294 3932 452 4010 terpretes
474 3928 530 4012 qui
552 3927 753 4012 Spitznernm
776 3930 880 3996 secuti
903 3937 985 3997 sunt.
1023 3931 1066 3996 Hi
1089 3932 1184 4007 enim,
1209 3949 1402 4015 quamquam
1425 3920 1543 4014 ἑάφθη
1567 3935 1600 3994 et
1621 3929 1683 4012 ipsi

293 4043 335 4110 ad
362 4038 482 4111 ἅπτειν
506 4049 669 4132 pertinere
697 4053 827 4132 putent,
866 4053 977 4114 tamen
1012 4055 1050 4116 ut
1080 4049 1202 4134 aliquid
1237 4049 1402 4115 efficerent
1428 4047 1515 4131 quod
1544 4047 1587 4112 ad
1609 4069 1680 4114 sen-

294 4165 429 4230 tentiam
458 4167 565 4252 aptius
597 4172 683 4234 esset
709 4171 743 4232 et
769 4165 881 4232 aorieti
916 4174 1052 4235 naturae
1081 4168 1184 4252 magis
1211 4167 1421 4252 responderet
1447 4166 1683 4233 substituerunt

294 4291 439 4351 nostrum
462 4287 587 4364 ‚actioso
608 4287 669 4353 siet
690 4291 761 4351 on“.
805 4287 846 4351 At
872 4287 1008 4353 multum
1036 4289 1173 4352 interest
1203 4287 1288 4353 inter
1308 4285 1441 4350 verbum
1464 4285 1681 4368 germanicum

294 4409 327 4470 et
349 4423 507 4488 maecum.
550 4405 636 4472 Illud
658 4404 743 4470 enim
765 4403 912 4488 prolecto
934 4427 954 4471 a
976 4405 1208 4490 significatione
1230 4406 1334 4490 prima
1363 4425 1401 4470 ac
1427 4404 1570 4488 propria,
1599 4425 1682 4488 quae

295 4529 346 4588 est
367 4523 578 4590 concludendi
605 4525 649 4592 ad
676 4523 823 4591 latiorem
852 4523 1012 4607 quendam
1042 4545 1135 4589 usum
1157 4523 1315 4608 pervenit,
1346 4545 1411 4608 quo
1439 4523 1479 4588 de
1502 4545 1540 4589 eo
1563 4524 1682 4590 dieitur

293 4643 348 4726 qui
370 4642 506 4728 alicujus
528 4643 663 4728 vestigia
683 4643 811 4728 premit.
848 4642 914 4738 Sed
936 4643 1017 4710 nihil
1037 4642 1194 4729 ejusmodi
1216 4643 1300 4708 inest
1320 4642 1354 4708 in
1376 4663 1491 4727 graeco
1507 4634 1680 4731 ἒφᾶπτειν,

293 4763 378 4845 quod
401 4761 593 4830 adnectendi
617 4761 855 4848 colligandique
880 4769 1040 4848 potestate
1063 4767 1192 4830 servata
1215 4784 1276 4828 non
1304 4762 1404 4846 magis
1433 4782 1528 4846 quarn
1557 4762 1682 4844 reliqua
