4532 5882
1181 505 1258 666 se

335 878 341 889 Ι
420 793 592 883 rificatus,
612 782 763 884 irinc,
790 793 925 882 surius,
942 791 992 861 vin
1021 811 1097 890 quo
1124 787 1230 862 multi
1256 788 1400 864 colores
1426 789 1649 892 colliguntur
1672 787 1732 867 rel
1759 795 1995 885 conveniunt,

420 933 660 994 concurrunt.
702 913 834 990 Graeci
851 903 1046 1023 fito-&pin
1070 903 1259 1021 tdtudpce
1284 911 1459 990 adiectiva
1476 913 1695 992 hocsuffixo
1714 915 1932 990 formarunt.
1958 957 1995 978 ···

418 1043 766 1146 Frequentiseimum
786 1054 908 1114 autem
932 1052 995 1111 tro
1017 1041 1057 1112 in
1082 1054 1215 1112 neutro
1243 1061 1376 1139 genere
1401 1051 1475 1132 est3
1504 1033 1605 1142 quod
1638 1062 1720 1132 nos,
1750 1043 1815 1143 qui
1837 1041 1945 1115 etiem
1962 1030 2000 1114 in

419 1185 474 1276 rep
514 1183 551 1242 et
587 1181 650 1240 tur
687 1181 815 1240 neutra
853 1166 1040 1236 terminari
1080 1166 1306 1265 omninoque
1345 1185 1520 1265 generum
1558 1161 1804 1242 differentiam
1841 1161 2001 1240 vidimus

419 1317 496 1372 non
523 1287 701 1364 eiusmodi
728 1311 826 1380 esse,
847 1303 889 1361 ut
914 1304 1112 1391 propterea
1137 1286 1266 1362 suffixa
1291 1304 1454 1362 ceterum
1478 1287 1642 1389 aequalia
1661 1286 1894 1380 divellantur,
1923 1313 2001 1363 non
2062 1313 2069 1326 ·

291 1403 297 1424 ‘
420 1411 614 1519 impediet,
650 1416 860 1515 quominus
879 1411 952 1486 hoc
978 1415 1073 1488 siout
1098 1411 1337 1487 masculinum
1363 1434 1385 1486 a
1410 1426 1473 1486 tar
1497 1411 1615 1486 forma
1642 1426 1764 1486 ortum
1791 1437 1868 1488 esse
1892 1427 2002 1516 pute-

418 1565 499 1616 mus
515 1536 593 1638 ¹⁵⁸).
645 1535 854 1640 Usurpatur
879 1554 1001 1616 antem
1024 1543 1088 1610 tro
1113 1539 1152 1610 in
1178 1553 1309 1613 neutro
1336 1562 1468 1640 genere
1493 1539 1692 1640 praecipue
1717 1541 1768 1610 in'
1781 1541 2001 1612 instrumen-

417 1682 543 1740 torum
568 1661 797 1753 nominibus,
832 1661 934 1736 reiut
963 1663 1178 1760 fretra-m
1204 1665 1318 1755 suris,
1360 1667 1487 1762 spru
1517 1659 1664 1753 audire,
1701 1661 1913 1735 metra-m
1943 1655 2003 1752 με’·

419 1815 509 1896 epe-v
526 1813 547 1861 a
564 1787 696 1870 metiri,
722 1779 877 1894 ndurpo-r,
904 1776 1064 1898 ἄροτρα-ὑ,
1090 1776 1253 1896 &coepi-v,
1279 1779 1438 1896 τέρετρα-ν
1450 1785 1525 1888 ¹⁵⁹),
1555 1799 1752 1870 aratra-m,
1778 1784 2002 1871 lenustnem,

409 1915 650 2016 fulgetra-m,
676 1924 902 1984 monstra-m·
922 1913 979 2010 (ut
1004 1905 1149 1986 videtur
1172 1905 1456 1996 amon-moneo,
1481 1909 1582 2014 quod
1606 1933 1675 1984 nos
1697 1914 1852 2009 monet).
1899 1911 2002 1985 Eun·

419 2033 505 2108 dem
529 2059 636 2110 usum
662 2034 777 2108 multa
807 2027 847 2108 in
876 2055 934 2142 rep
960 2037 1110 2109 nomine
1136 2035 1274 2110 habere
1297 2033 1454 2110 vidimus
1482 2024 1697 2142 (κολαππῖρ).
1751 2033 2003 2138 nequeiacil-

418 2157 507 2234 lime
538 2181 623 2233 sane
657 2181 701 2233 ex
733 2163 867 2234 actoris
897 2161 1049 2233 nomine
1080 2153 1310 2234 instrumenti
1336 2181 1473 2234 nomen
1499 2157 1711 2250 deducitur,
1751 2161 1836 2262 quie
1867 2159 2001 2232 instru-

418 2297 566 2375 mento,
603 2285 714 2385 quesi-
732 2309 753 2356 a
773 2281 941 2362 secundo
974 2279 1098 2360 actore
1125 2281 1265 2388 aliquid
1290 2282 1464 2358 efficiturr
1514 2282 1630 2358 Recte
1657 2285 1754 2357 enim
1781 2297 1819 2355 et
1843 2285 1938 2356 auris
1965 2297 2003 2357 et

418 2405 534 2482 homo
561 2404 695 2482 dicitur
719 2399 859 2482 audire.
906 2405 974 2483 Sin
998 2408 1114 2483 multe
1137 2411 1287 2482 nomina
1312 2410 1351 2480 in
1377 2434 1469 2516 τρο-ν
1494 2404 1541 2481 de
1566 2404 1740 2481 mercede
1763 2421 1999 2510 usurpantur,

419 2555 491 2643 qua
519 2533 599 2632 quis
625 2527 830 2607 conductus
853 2557 934 2606 rem
958 2533 1075 2608 verbo
1102 2528 1325 2640 designatam
1350 2529 1465 2605 efficit
1489 2529 1550 2607 rel'
1573 2545 1780 2633 perpetrat,
1816 2528 1908 2605 haec
1933 2555 2004 2620 nn*⁸

417 2658 472 2730 tio
498 2656 546 2728 ab
570 2655 839 2729 instrumenteli
864 2649 942 2728 non
966 2651 1079 2729 valde
1100 2651 1241 2732 diverse
1267 2670 1334 2730 est.
1389 2647 1426 2727 τὸ
1452 2642 1624 2762 pisorgo-v
1651 2657 1748 2727 enirn
1776 2652 1907 2747 estid,
1937 2679 2002 2728 cn-

419 2781 475 2851 ius
503 2801 577 2880 ope
602 2777 733 2880 aliquis
753 2761 806 2851 v'cd
833 2773 1125 2853 denunciundsm
1150 2773 1310 2881 aliquem
1335 2802 1414 2852 rem
1440 2793 1608 2854 movetur
1635 2777 1700 2875 (ci.
1729 2771 1907 2887 desumi,
1933 2779 2003 2852 cri-
2035 2797 2044 2815 ⁸

418 2895 860 3009 cepcu,tiepov).'Q1'em
886 2919 971 3006 epte
996 2902 1088 2978 haec
1115 2906 1237 2976 omnin
1263 2901 1388 3005 lingua
1414 2901 1590 3006 significat
1616 2895 1748 2977 suffixo
1774 2905 1927 3006 proprie
1954 2901 2003 2980 de

418 3028 587 3128 personis
617 3021 813 3128 ustupato,
853 3025 918 3100 sed
949 3030 1020 3120 its,
1054 3042 1097 3099 ut
1127 3021 1260 3101 neutro
1295 3051 1429 3129 genere
1461 3051 1519 3101 res
1545 3051 1566 3100 a
1590 3011 1770 3130 personis¹
1783 3025 1999 3132 distinguet!

417 3147 536 3226 Paulo
562 3151 674 3249 magis
699 3152 831 3223 actoris
858 3149 976 3223 simile
1003 3165 1057 3223 est
1081 3155 1282 3222 retra-m
1308 3149 1457 3241 oculus,
1487 3176 1507 3224 a
1533 3153 1578 3224 ni
1598 3147 1752 3243 ducere,
1778 3177 1866 3254 ·quo
1899 3155 2004 3256 quasi

419 3271 493 3346 dux
519 3274 685 3374 corporis
712 3270 939 3372 designatur;
967 3273 1233 3346 intransitivum
1258 3288 1380 3345 eutem
1406 3267 1556 3380 §indm-v
1574 3273 1637 3371 ¹⁶⁰)
1666 3289 1702 3348 et
1728 3264 1921 3378 passivum
1937 3279 2000 3374 (si-

419 3413 483 3472 cut
500 3397 514 3467 ὃ
531 3383 675 3501 ἒνῶπὶρ)
699 3378 900 3494 pouitrn',
928 3383 1067 3500 δαιτρόν,
1082 3392 1144 3490 (11.
1161 3387 1193 3487 d,
1208 3395 1331 3489 ton),
1362 3394 1464 3498 quod
1490 3423 1575 3471 cum
1601 3392 1698 3470 πίνειν
1714 3416 1824 3502 poeta
1846 3403 1999 3473 coniun-

420 3523 472 3620 git
502 3521 528 3592 i.
563 3542 597 3591 e.
626 3541 697 3619 pro
730 3519 905 3620 portione
939 3541 1003 3592 sue
1034 3501 1178 3618 potare.
1210 3559 1251 3577 -
1281 3515 1470 3595 Feminina
1504 3547 1655 3626 qnoque
1689 3523 1796 3598 huius
1828 3526 1999 3598 termina·

418 3643 532 3718 tionis
564 3664 656 3742 cpe,
691 3635 872 3742 products
896 3639 998 3714 finali
1023 3640 1164 3732 litters,
1193 3641 1418 3738 formantur,
1455 3665 1551 3748 quae
1583 3673 1603 3720 a
1636 3650 1775 3722 neutris
1796 3639 2000 3750 ’significatu

419 3763 551 3873 purum
576 3761 771 3857 diffemnt3
800 3759 1025 3840 dunshtrd
1055 3768 1154 3840 enim
1179 3791 1200 3840 a
1225 3765 1344 3868 dung:
1380 3769 1550 3846 mordere
1585 3787 1640 3846 est
1671 3769 1778 3854 dens,
1804 3765 1999 3846 mordendi

418 3895 721 3980 instrumentum,
742 3891 876 3990 jdtrd
901 3893 1058 3993 pecunia
1083 3894 1222 3967 itineris
1246 3917 1353 3968 *cause
1380 3891 1463 3970 deta
1490 3899 1525 3996 (a
1543 3894 1596 3996 je
1612 3899 1699 3997 ire),
1735 3899 1812 3970 sine
1836 3917 1911 3998 qua¹
1930 3899 2001 3972 iter

419 4011 501 4088 fieri
525 4015 656 4115 nequit
671 4012 746 4114 ¹⁶¹).
800 4013 912 4089 Plura
928 4011 1084 4110 Graeci,
1116 4021 1180 4120 qui
1207 4015 1359 4094 omnino
1385 4019 1600 4095 femininum
1627 4043 1739 4122 genus
1766 4013 1900 4112 sinent,
1929 4017 1998 4096 fln-

419 4130 569 4214 xerunt:
597 4125 739 4246 βάθρα,
764 4129 894 4248 χύτρα,
920 4130 1052 4248 {torpa
1075 4143 1112 4242 (a
1137 4142 1180 4243 ξι)
1205 4146 1343 4219 inserto
1368 4167 1394 4220 c·
1419 4161 1461 4219 ut
1486 4148 1524 4218 in
1549 4136 1714 4252 dee'crpc,
1748 4135 1914 4253 ctidrpcv,
1942 4149 1998 4220 tu»

420 4277 556 4355 mm,
590 4267 831 4363 monstruni),
870 4256 1017 4374 φαρέτρα
1044 4267 1083 4367 (a
1118 4263 1302 4368 ferendo).
1358 4265 1457 4342 Tum
1482 4271 1590 4343 etiam
1616 4267 1790 4342 Latinum
1807 4269 1995 4369 fenestra,

477 4677 531 4762 ¹⁵⁸)
575 4682 666 4758 Quod
688 4684 773 4746 etiam
794 4683 908 4748 Pettius
929 4689 1027 4748 statuit
1047 4687 1082 4747 E.
1102 4687 1137 4746 F.
1148 4685 1198 4764 11,
1219 4685 1290 4748 403.

476 4778 531 4862 ¹⁹⁹)
574 4781 631 4844 Cui
652 4795 775 4866 propter
796 4787 928 4848 vocalem
949 4787 1147 4868 interpositam
1166 4803 1376 4862 pat-a-ira-m,
1398 4796 1459 4866 ata,
1480 4809 1496 4849 a
1514 4805 1567 4864 pat
1588 4789 1686 4853 volare
1708 4803 1899 4874 comparetur.

476 4881 532 4966 ¹⁶⁰)
574 4885 630 4944 Vix
651 4885 727 4946 enirn
749 4886 848 4948 dicere
870 4886 973 4947 attinet
997 4884 1026 4945 θ
1046 4887 1076 4947 in
1097 4885 1153 4948 hoc
1175 4889 1249 4952 dent
1277 4887 1308 4949 in
1334 4887 1429 4950 multis
1450 4889 1512 4952 aliis
1533 4911 1551 4950 c·
1572 4912 1716 4956 consonae
1736 4891 1803 4954 tice
1822 4890 1903 4976 fungi
1924 4889 1994 4973 (iri-

419 4981 546 5074 βηθρον,
566 4977 695 5070 βάθρον,
714 4978 898 5071 μέλαθρον).

477 5084 532 5166 ¹⁶¹)
575 5083 622 5146 Cf.
645 5083 790 5148 Graecum
809 5075 857 5158 ἤϊα
877 5105 894 5147 n
915 5072 976 5146 rad}
997 5111 1005 5145 ι
1028 5076 1119 5168 (εἶμι).
