4532 5882
404 769 564 859 paratur,
594 757 644 827 ita
669 769 711 827 ut
735 766 838 826 aucta
862 773 932 852 per
948 773 1093 850 gunam‚
1123 744 1226 849 quod
1251 761 1397 838 vocant,
1426 745 1575 821 radicali
1591 745 1731 850 syllaba
1757 772 1801 822 ex
1823 747 1981 824 uados-

405 881 519 971 αὐσος,
549 875 636 952 inde
664 877 748 951 elisa
776 901 821 950 ex
847 872 1073 948 Graecorum
1099 895 1202 945 more
1229 897 1254 944 c
1279 869 1398 946 littera
1413 868 1492 967 ²¹⁵),
1522 872 1598 946 αὖος
1622 869 1759 945 factum
1784 876 1847 966 sit,
1878 877 1980 968 cuius

313 1093 316 1102 .
404 1004 648 1079 nominativus
676 1017 731 1074 est
757 988 852 1080 addc,
879 987 965 1074 drale
991 986 1067 1078 ode,
1092 985 1163 1082 ἠώς.
1206 995 1264 1068 Ex
1289 993 1421 1082 eodem
1447 995 1550 1070 fonte
1575 983 1720 1068 fluxisse
1746 993 1890 1071 videtur
1909 997 1980 1071 La-

404 1130 524 1202 tinum
550 1151 714 1215 aurora,
749 1125 788 1195 in
814 1146 890 1224 quo
916 1149 951 1214 r,
979 1137 1022 1196 ut
1046 1143 1174 1223 saepe,
1210 1145 1279 1222 pro
1306 1147 1325 1194 a
1349 1122 1521 1223 ponitur,
1559 1145 1584 1192 a
1611 1135 1732 1193 autem
1758 1144 1803 1193 cx
1829 1146 1895 1214 eo,
1933 1119 1979 1194 de

406 1276 481 1354 quo
507 1273 619 1352 supra
642 1246 756 1320 multa
781 1245 1020 1348 protulimus,
1049 1269 1153 1318 more
1180 1240 1348 1340 additum
1370 1249 1436 1354 est.
1491 1233 1586 1319 αἰδώς
1611 1258 1685 1318 tam
1711 1255 1847 1318 certam
1874 1249 1983 1348 origi·

404 1399 489 1449 nem
514 1400 592 1452 nou
617 1370 748 1463 babet;
782 1363 926 1461 αἰδέομαι
951 1385 1072 1444 autern
1098 1367 1266 1443 similiter
1291 1393 1337 1442 ex
1362 1361 1608 1445 allucinatum
1634 1373 1711 1442 es'se
1736 1364 1900 1462 videtur,
1929 1385 1980 1444 at-

406 1523 478 1601 que
502 1489 602 1571 τελέω
628 1520 673 1568 ex
697 1487 791 1571 τέλος
814 1503 906 1570 aelst
936 1485 1171 1593 (τετέλεσμαι)

557 1621 682 1692 Εκαη
699 1633 820 1692 autem
843 1617 935 1691 tina
959 1617 1180 1708 factumest,
1209 1619 1302 1692 sicut
1319 1641 1364 1691 er
1380 1641 1470 1689 mon
1494 1615 1632 1690 meno
1653 1631 1752 1690 etex
1776 1615 1980 1692 tur-idra.

404 1745 506 1820 Haec
537 1745 745 1816 terminatio
777 1745 1001 1817 coniunctim
1028 1764 1112 1816 cum
1138 1742 1270 1816 mdno
1296 1728 1501 1817 sanioritis·
1520 1739 1633 1816 medii
1662 1743 1863 1843 participiis
1896 1765 1983 1844 pro·

403 1873 482 1971 pria
508 1882 575 1940 est.
621 1866 745 1968 Atque
772 1871 821 1940 ita
847 1865 1048 1942 diviserunt
1073 1868 1169 1940 inter
1194 1891 1232 1940 se
1259 1863 1334 1939 dno
1361 1864 1451 1940 baec
1465 1863 1607 1969 suffixa
1632 1880 1747 1940 totam
1770 1862 1883 1958 medii
1898 1890 1984 1967 par·
2010 1953 2015 1961 ³

403 1993 615 2094 ticipiorum
639 1991 805 2083 turbam,
837 2007 881 2065 ut
906 1990 1037 2064 meina
1063 1993 1114 2064 eis
1139 1987 1340 2081 radicibus,
1376 2001 1469 2090 quae
1501 1993 1664 2092 priorem
1690 1991 1985 2092 coniugationem

405 2113 823 2216 (Hauptcoujugntion),
856 2114 945 2187 dno
975 2117 1018 2187 iis
1033 2111 1217 2205 addatur,
1239 2136 1348 2216 ,quae
1382 2112 1533 2188 alteram
1566 2129 1790 2217 sequuntur,
1829 2111 1984 2188 alternet

403 2241 792 2341 utraque'terminatio
818 2242 858 2312 in
882 2237 961 2312 sola
987 2235 1128 2312 decima
1145 2237 1268 2312 classe.
1303 2235 1427 2338 Cuiup
1453 2241 1508 2312 rei
1534 2263 1678 2314 causam
1703 2241 1744 2320 in
1761 2262 1806 2312 eo
1823 2239 1983 2340 positam

407 2387 484 2437 esse
510 2377 617 2466 puto,
649 2359 750 2464 quod
777 2361 911 2464 prioris
937 2364 1202 2463 coniugationis
1227 2361 1340 2436 rerba
1363 2361 1529 2438 vocalem
1555 2379 1639 2438 ante
1666 2387 1793 2438 omnes
1812 2363 1984 2436 termina-

403 2489 526 2562 tiones
543 2483 772 2561 constantem
789 2485 942 2579 habent‚
972 2512 1066 2589 quae
1091 2502 1135 2560 nt
1160 2501 1395 2560 conservetur
1420 2489 1542 2589 aptior
1566 2486 1635 2561 fuit
1660 2470 1833 2562 suffixum
1857 2510 1985 2560 acon·

403 2627 555 2686 sonante
581 2613 781 2712 incipiens,
817 2609 926 2711 quale
952 2625 1008 2682 est
1033 2615 1142 2700 marr,
1172 2606 1274 2710 quod
1301 2633 1336 2682 α’
1351 2608 1472 2683 littera
1498 2612 1714 2712 augebatur,
1747 2627 1790 2684 nt
1820 2635 1983 2686 commo·

405 2732 486 2808 dius
516 2757 584 2836 per
615 2758 717 2806 casus
750 2747 787 2806 ct
813 2757 950 2834 genera
984 2735 1123 2806 moveri
1155 2749 1293 2833 posset.
1354 2730 1566 2808 Accedebat
1587 2733 1749 2808 iortasse
1780 2749 1985 2808 ceterarum

402 2855 515 2930 medii
539 2856 759 2948 formarum,
795 2879 889 2957 qaaae
915 2854 1101 2961 pleniores
1126 2880 1205 2930 esse
1230 2853 1361 2938 solent,
1388 2883 1499 2959 quam
1525 2882 1620 2960 quae
1640 2854 1692 2931 ad
1718 2860 1875 2934 activum
1900 2883 1986 2960 per·

403 2977 601 3074 tinent·²¹⁶)
628 2977 807 3080 analogia,
835 2995 878 3053 ut
903 2964 1142 3054 aucta'forma
1159 2982 1367 3082 eligeretur.
1411 2981 1573 3056 Alterius
1590 2983 1856 3082 coniugationis
1872 2983 1987 3058 rerba

404 3103 535 3178 melius
552 3103 643 3176 dna
659 3105 698 3176 in
715 3127 754 3176 se
771 3105 1011 3204 recipiebant,
1034 3101 1136 3204 quod
1157 3120 1255 3178 certe
1272 3103 1454 3178 radicibus
1473 3108 1513 3177 in
1533 3130 1735 3180 consonam
1751 3121 1789 3181 et
1806 3108 1881 3192 ini,
1907 3135 1943 3192 u,
1960 3133 1988 3198 ,r

316 3205 320 3214 *
407 3228 623 3302 exeuntibus
656 3224 829 3300 facillime
861 3226 1136 3300 annectebatur.
1190 3227 1366 3302 Decimae
1392 3244 1514 3303 autem
1540 3227 1662 3304 classis
1687 3229 1822 3320 verba,
1850 3233 1891 3304 ni
1915 3229 1984 3304 fal·

404 3351 498 3444 lor,¹
516 3364 673 3453 propter
698 3346 968 3450 longitudinem
997 3349 1216 3441 formarum,
1252 3365 1294 3424 ut
1325 3341 1642 3451 lc'drajamdna,
1679 3351 1865 3429 interdum
1897 3353 1989 3428 dna

404 3488 625 3575 receperunt
650 3462 932 3572 (lr'drajdnn).'
956 3469 1220 3548 ,confirmatur
1235 3472 1328 3548 haec
1344 3477 1438 3550 ratio
1465 3500 1524 3569 eo,
1556 3474 1659 3580 quod
1685 3477 1848 3580 perlecta
1874 3474 1986 3554 medii

406 3597 494 3670 dna
520 3593 803 3695 (tutuddna),
834 3593 991 3688 babent,
1029 3600 1168 3701 quippe
1196 3623 1289 3700 quae
1314 3599 1633 3705 vocali'perpetna
1660 3617 1807 3678 careant
1820 3599 1898 3702 ²¹⁷),
1927 3601 1983 3676 fn-

404 3737 528 3796 turum
554 3734 676 3794 autem
700 3721 893 3823 participia
917 3723 956 3794 in
982 3721 1111 3796 mdna
1136 3721 1283 3816 format,
1317 3722 1418 3827 quod
1444 3729 1629 3828 praesenti
1653 3729 1789 3829 prioris
1813 3729 1983 3828 coniuga-

405 3848 518 3920 tionis
544 3858 777 3945 comparatur
802 3839 1182 3944 (botsjamdnn'ut
1208 3846 1523 3948 ontimana).
1554 3893 1593 3910 ·-
1629 3848 1764 3926 Graeci
1788 3875 1877 3927 vero
1904 3875 1983 3924 om-

406 3971 466 4044 nia
492 3969 683 4070 participia
709 3963 820 4040 medii
846 3969 885 4040 in
910 3995 1021 4057 nevo-c
1045 3975 1300 4066 terminarunt,
1329 3977 1369 4048 in
1394 3997 1470 4075 quo
1498 4001 1613 4076 quum
1637 3991 1784 4077 praeter
1807 3974 1919 4051 verba
1944 3979 1984 4050 in

407 4119 444 4183 με
478 4095 600 4166 omnia
627 4116 756 4165 eorum
780 4092 890 4166 verba
923 4091 969 4166 ad
1002 4097 1166 4196 priorem
1199 4099 1492 4198 coniugationem
1523 4099 1748 4198 pertineant,
1781 4125 1865 4174 cum
1891 4097 1983 4176 San·

406 4219 513 4291 scrita
538 4214 661 4317 lingua
687 4218 928 4290 concinunt.
955 4215 1028 4292 Sed
1055 4223 1205 4295 nomina
1231 4217 1408 4322 quaedam
1440 4217 1571 4294 suffixo
1601 4247 1684 4296 cum
1716 4220 1805 4298 dna
1834 4249 1982 4329 compa·

406 4337 523 4418 raudo
548 4355 722 4415 utuntur:
750 4331 900 4427 cibavi-c
925 4358 962 4416 et
986 4335 1104 4430 τιθήνη
1120 4342 1198 4442 ²¹⁸),
1230 4369 1323 4445 quae
1349 4369 1370 4417 a
1394 4341 1442 4417 &a
1466 4340 1588 4420 radice
1604 4344 1804 4447 repetenda
1830 4373 1908 4425 esse
1928 4351 1981 4426 vi·

462 4725 518 4806 ²¹⁵)
562 4725 610 4788 Cf.
630 4728 725 4800 Kiibn.
736 4731 761 4789 I.
782 4753 811 4812 p.
823 4733 872 4792 21.

462 4824 536 4908 216)Ι
559 4835 904 4890 thadaei-baddau
924 4844 979 4892 etc.
1001 4832 1038 4892 ci.
1059 4831 1145 4915 Bopp
1166 4834 1258 4919 vergi.
1280 4832 1334 4896 Gr.
1356 4856 1386 4915 p.
1408 4831 1489 4923 672„

463 4925 519 5007 217)
563 4927 610 4989 Ci.
631 4930 716 5011 Bopp
738 4931 834 5014 Sltgr.
855 4952 919 5014 pag.
931 4931 1001 4992 221.

461 5024 516 5108 ²¹⁸)
559 5027 607 5090 Cf.
628 5039 701 5110 part
721 5029 798 5090 med.
820 5051 837 5091 a
856 5037 1136 5094 uua-aauaana.
