4498 5886
1193 712 1235 782 12

526 910 603 990 tiva,
636 909 773 976 mamma
800 911 996 976 Latinorum.
1051 911 1146 988 Nam,
1175 915 1212 976 ut
1244 910 1387 994 exemplo
1414 915 1501 986 uter,
1532 910 1702 976 blandula-r
1735 909 1819 972 sitne
1852 907 1904 972 de·

527 1021 717 1086 minutivum
745 1021 816 1104 ejus
839 1022 924 1105 quod
947 1027 998 1086 est
1012 1024 1158 1098 blanda-s,
1181 1043 1223 1086 an
1245 1023 1290 1086 ita
1311 1021 1431 1088 factum
1454 1027 1494 1086 ut
1512 1023 1645 1105 tepula-s,
1667 1021 1824 1095 turdela-e,
1847 1018 1905 1082 du-

525 1131 614 1197 bium
636 1150 707 1196 esse
729 1137 844 1214 potest.
890 1131 1089 1216 Quamquam
1114 1129 1354 1198 concedendum
1377 1132 1448 1210 erit,
1468 1132 1535 1215 jam
1558 1131 1740 1214 antiquiore
1761 1137 1904 1212 tempore

523 1241 566 1306 ab
588 1261 653 1306 uno
675 1240 852 1324 eodemque
873 1241 963 1307 sonte
979 1242 1042 1308 duo
1065 1241 1228 1306 nominum
1248 1262 1368 1324 genera
1382 1241 1522 1308 deducta
1536 1261 1616 1314 esse,
1632 1241 1771 1306 alterum
1785 1259 1904 1316 eorum,

525 1351 700 1436 inquibus
723 1352 770 1416 vis
793 1351 987 1416 deminutira
1013 1373 1076 1416 ιιοιι
1099 1351 1312 1430 sentiebatur,
1339 1354 1477 1418 alterum
1500 1358 1567 1416 tam
1588 1357 1661 1418 arto
1684 1349 1810 1414 vinculo
1834 1369 1906 1414 cunr

524 1456 707 1527 nominibus
741 1463 931 1546 quibusdam
963 1463 1065 1545 magis
1093 1463 1261 1545 primitivis
1292 1465 1546 1546 conjunctorum,
1575 1468 1612 1526 ut
1637 1459 1678 1526 ab
1700 1459 1750 1524 his
1774 1480 1813 1524 ea
1834 1460 1906 1543 ipsa

522 1593 558 1638 re
585 1571 867 1656 distinguerentur,
896 1573 982 1656 quod
1010 1574 1149 1646 minora,
1178 1573 1314 1652 leviora,
1336 1573 1484 1638 molliora
1512 1571 1745 1656 significabant.
1797 1571 1902 1652 Atque

520 1687 701 1748 memoratu
721 1683 783 1748 hoc
805 1684 934 1766 dignum
957 1703 1026 1748 esse
1047 1683 1183 1761 videtur,
1207 1683 1293 1766 quod
1309 1683 1433 1750 Graeca
1455 1683 1562 1766 lingua
1583 1704 1655 1748 eum
1670 1682 1787 1748 Latina
1808 1681 1906 1746 etiam

522 1791 555 1858 in
577 1791 695 1875 duplici
717 1792 778 1858 hoc
804 1793 948 1875 ejusdam
975 1793 1209 1860 terminationis
1236 1815 1297 1858 usu
1326 1795 1484 1859 concinat.
1529 1793 1589 1871 Qui
1623 1815 1697 1858 vero
1726 1793 1905 1857 accuratius

525 1902 561 1966 in
584 1901 718 1988 haeres
740 1903 950 1985 inquisiturus
973 1910 1031 1982 est,
1055 1904 1083 1970 ei
1106 1927 1165 1969 nec
1186 1925 1311 1970 summa
1333 1905 1507 1970 similitudo
1535 1925 1618 1987 quae
1640 1904 1726 1968 inter
1747 1906 1776 1970 lc
1798 1905 1851 1986 (lo)
1875 1909 1907 1966 et

518 2035 556 2076 rc
577 2013 638 2098 (ro)
653 2013 904 2090 terminationes,
925 2035 987 2078 nec
1009 2015 1208 2082 substantiva
1230 2015 1431 2098 neglegenda
1453 2019 1562 2090 erunt,
1592 2035 1676 2096 quae
1703 2015 1834 2078 minimo
1856 2015 1905 2078 in-

518 2119 648 2186 terdum
681 2122 864 2188 discrimine
896 2125 938 2190 ab
975 2123 1138 2207 adjectivis
1174 2131 1371 2208 separantur.
1427 2126 1627 2208 Quamquam
1662 2125 1759 2189 etiam
1793 2124 1825 2187 in
1854 2123 1904 2188 his

520 2231 680 2315 quaedem
707 2235 793 2298 inter
818 2233 960 2299 Graecos
994 2245 1026 2300 et
1051 2236 1183 2300 Latinos
1216 2236 1331 2300 mirum
1357 2237 1389 2300 in
1412 2235 1539 2328 modum
1569 2234 1685 2298 similia
1710 2239 1793 2299 sunt.
1844 2232 1904 2312 Sic,

519 2347 556 2406 ut
591 2363 689 2408 uuum
718 2341 879 2423 afferam,
895 2345 1006 2410 eadem
1034 2347 1214 2412 terminatio
1237 2367 1367 2429 prorsus
1390 2345 1524 2412 eandem
1546 2345 1610 2408 rim
1632 2343 1731 2410 habet
1751 2346 1785 2408 in
1808 2343 1906 2408 Grae·

521 2470 631 2521 corum
652 2452 850 2538 aspari-leco
875 2461 910 2518 et
931 2455 1149 2520 Romanorum
1168 2460 1368 2560 pecu-lireqnq

609 2647 699 2724 Quae
725 2647 777 2714 hic
804 2650 966 2734 tetigimus
987 2652 1091 2735 magis
1120 2675 1217 2736 quam
1242 2654 1284 2717 ad
1309 2653 1404 2718 finem
1432 2653 1652 2734 perduximus,
1685 2675 1749 2720 non
1774 2672 1906 2736 prorsus

523 2757 700 2822 abhorrent
722 2759 764 2824 ab
787 2780 826 2824 ea
848 2761 1025 2840 occasione,
1049 2782 1113 2842 qua
1133 2762 1175 2826 ad
1198 2761 1281 2828 hanc
1301 2763 1504 2846 scriptionem
1527 2763 1655 2848 impulsi
1676 2785 1793 2828 sumus.
1823 2761 1905 2826 Nem

520 2866 746 2931 Fridericus
768 2869 964 2952 Augustus
987 2869 1202 2938 Guilelmus
1226 2873 1430 2956 Spohnius,
1449 2874 1611 2957 professor
1630 2875 1707 2940 olim
1720 2873 1905 2958 Lipsiensis,

522 2976 555 3042 in
578 2976 705 3060 egregio
727 2997 823 3062 quem
839 2979 879 3044 de
895 2985 1040 3048 extrema
1056 2981 1218 3067 Odysseae
1232 2991 1323 3067 parte
1339 2986 1469 3068 scripsit
1489 2986 1570 3050 libro
1589 2987 1658 3069 ipse
1676 2984 1904 3049 vocabulorum

522 3087 728 3164 Graecorum,
751 3089 890 3154 maxime
912 3091 1230 3174 hypocoristicorum,
1254 3095 1373 3161 formas
1396 3103 1430 3162 et
1453 3117 1545 3162 usum
1560 3095 1800 3162 accuratissime
1822 3101 1905 3160 uec-

523 3198 614 3264 tavit.
646 3196 751 3282 Hujus
773 3199 873 3282 igitur
895 3202 954 3265 riri
974 3201 1014 3268 de
1036 3203 1153 3269 litteris
1176 3205 1294 3287 optime
1317 3207 1421 3272 meriti
1444 3208 1476 3270 in
1499 3206 1687 3272 memoriam
1705 3206 1754 3268 vir
1769 3205 1905 3270 clarissi-

527 3329 599 3372 mus
620 3307 807 3373 Ernestus
829 3310 1043 3392 Windisoh,
1070 3314 1293 3398 philosophiae
1316 3318 1437 3396 doctor,
1464 3318 1519 3399 qui
1542 3319 1685 3400 linguam
1708 3315 1905 3380 Senseritam

523 3423 557 3482 et
579 3419 820 3500 grammaticam
843 3424 1092 3504 comparativam
1115 3426 1201 3508 apud
1221 3447 1280 3491 nos
1303 3428 1452 3512 privatim
1474 3426 1578 3505 docet,
1603 3427 1654 3490 die
1675 3425 1771 3510 hujus
1786 3425 1906 3490 mensis

526 3526 587 3591 XX
619 3527 700 3594 hora
733 3527 795 3593 Xll
828 3529 861 3594 in
893 3531 1053 3598 auditorio
1087 3535 1284 3602 medicorum
1318 3539 1494 3604 orationem
1529 3537 1671 3602 habebit.
1726 3536 1777 3600 Ad
1809 3555 1904 3620 quam

525 3635 718 3704 audiendam
750 3639 921 3706 Rectorem
953 3643 1149 3709 Academiae
1182 3647 1399 3729 magnificum,
1441 3647 1579 3730 collegas
1619 3646 1903 3731 conjunctissimos,

526 3748 760 3815 commilitones
783 3750 1047 3832 humanissimos,
1078 3775 1188 3820 omnes
1214 3757 1270 3840 qui
1296 3757 1497 3823 universitati
1524 3765 1654 3822 nostrae
1677 3757 1758 3824 bene
1785 3755 1904 3832 volunt,

523 3877 563 3922 ea
586 3879 648 3941 qua
674 3881 735 3942 par
761 3866 812 3924 est
834 3861 1040 3928 observantia
1060 3863 1244 3934 invitamus.

608 3993 680 4058 Dat.
706 3995 833 4078 Lipsiae
855 3991 906 4061 di'e
929 3999 957 4062 X
980 3999 1097 4064 mensis
1120 4002 1266 4067 Januarii
1289 4028 1318 4069 a.
1341 4004 1579 4070 mcccclxx.
