4532 5882
1071 563 1129 655 59

312 781 445 858 Graeci
471 784 510 854 in
536 778 717 856 infinitivo
743 803 866 853 casum
891 779 1024 853 sentire
1051 775 1248 872 desiemnt‚
1279 760 1354 882 quo
1380 779 1477 855 facto
1496 799 1777 858 consentaneum
1796 785 1878 880 fuit,

312 923 354 982 ut
378 906 497 980 forma
523 929 674 1008 quoque
699 902 922 995 aboleretur,
952 900 1255 1006 decurtatumque
1281 933 1349 994 μεν,
1376 931 1417 976 ειν
1443 932 1511 1007 pro
1538 901 1639 998 μένω,
1662 901 1728 980 έναι
1744 935 1882 1012 suppo-

309 1045 497 1106 nerentur.
553 1026 676 1122 Quare
708 1025 838 1102 inutile
871 1052 931 1102 ese
964 1031 1129 1104 existimo
1162 1031 1201 1100 ln
1229 1053 1294 1120 eo,
1332 1033 1395 1130 qui
1428 1028 1556 1104 litteris
1589 1031 1778 1108 mandatus
1812 1050 1878 1124 est,

309 1179 478 1230 sermone
500 1152 643 1228 Graeco
669 1147 807 1255 aliquid
833 1149 981 1228 locativi
1007 1151 1123 1229 simile
1148 1154 1188 1224 in
1212 1151 1392 1226 infinitivo
1420 1180 1606 1256 quaerere.
1652 1155 1749 1230 Tum
1768 1185 1882 1260 quum

310 1277 451 1356 Graeca
476 1283 598 1381 poesis
623 1274 787 1354 effloruit
812 1277 884 1350 iam
910 1294 988 1354 erat
1011 1303 1119 1355 verus
1144 1274 1356 1352 infinitivus.

985 1495 1203 1521 η--ὶ-ι-

459 1649 661 1744 Absolutis,
692 1675 785 1754 quae
812 1648 859 1725 de
884 1665 958 1733 tor,
984 1675 1084 1732 man,
1111 1675 1163 1724 an
1188 1647 1405 1723 suffixmum
1430 1649 1593 1732 familiis,
1618 1650 1703 1754 plus
1728 1679 1800 1726 una
1825 1680 1880 1727 ra·

308 1776 448 1848 ratione
475 1774 729 1876 comparandis
756 1773 909 1850 dicenda
935 1789 1059 1866 erant,
1088 1771 1134 1847 ad
1160 1771 1302 1876 reliqua
1328 1771 1457 1848 suffixa
1474 1790 1716 1868 nauseamus,
1745 1777 1879 1879 proba·

306 1900 398 1989 turi,
434 1903 473 1972 in
503 1896 560 1972 his
593 1923 743 2002 quoque
773 1897 927 1977 eandmn
957 1899 1158 1973 abstractae
1188 1900 1349 1972 notionis
1374 1901 1554 1972 rationem
1581 1924 1672 1974 esse.
1724 1900 1782 1974 Ac
1806 1906 1879 2006 pri·
1998 1881 2002 1890 ’

303 2047 407 2096 mum
433 2018 583 2124 quidem
608 2021 656 2096 de
684 2021 901 2126 quibusdam
927 2022 1064 2100 suffixis
1086 2020 1296 2126 loquamur,
1327 2048 1420 2125 quae
1439 2049 1458 2096 a
1474 2037 1491 2095 t
1507 2026 1687 2126 incipiunt
1702 2038 1754 2110 tu,
1779 2036 1816 2109 tt,
1832 2040 1899 2109 tn.-

457 2159 498 2222 tu
523 2148 562 2222 in
586 2145 709 2249 lingna
735 2146 936 2240 Sanscrita,
965 2146 1125 2238 Graeca,
1153 2147 1285 2222 Latina
1311 2147 1604 2249 frequentissime
1629 2150 1669 2222 in
1694 2152 1882 2228 abstractis

304 2271 508 2360 invenirem
543 2269 640 2370 apud
666 2269 780 2345 Indos
806 2287 844 2345 et
868 2270 1031 2344 Graecos
1056 2271 1211 2342 maxime
1238 2273 1275 2342 in
1301 2269 1479 2343 feminino
1505 2297 1656 2370 genere,
1685 2273 1782 2378 apud
1809 2273 1879 2349 La·

304 2395 404 2465 tinos
429 2394 469 2464 in
495 2391 718 2485 mascnlino;
752 2419 879 2470 verum
912 2417 990 2469 non
1020 2394 1132 2493 magis
1157 2389 1266 2482 haec,
1303 2417 1414 2493 quam
1441 2407 1582 2467 ceterae
1607 2401 1881 2473 terminationes

306 2513 394 2589 eolis
426 2515 613 2590 abstractis
646 2521 830 2592 convenit.
883 2513 1085 2592 Masculina
1116 2518 1155 2588 in
1187 2529 1238 2589 tas
1269 2511 1448 2589 Senserita
1480 2532 1641 2592 actorem
1675 2518 1878 2622 designant,

304 2637 407 2713 velut
423 2641 613 2740 jai-tu-s,
641 2643 778 2734 viator,
815 2668 836 2715 a
859 2643 910 2742 jci
935 2644 1007 2733 ire,
1041 2637 1346 2730 blato-mol,
1381 2635 1518 2712 abbo
1544 2639 1757 2744 splendere,
1795 2645 1880 2748 gai·

303 2763 484 2864 tac-3²⁴³),
509 2766 673 2856 luscinia,
704 2768 835 2869 egat,
857 2754 1163 2864 cantare(‹inlbiv),
1186 2761 1424 2846 volatu-a,
1450 2765 1533 2856 bos,
1562 2791 1584 2839 a
1609 2767 1712 2852 vob,
1736 2767 1880 2852 vehere,

302 2886 462 2966 trabere.
519 2887 664 2984 Quibus
690 2886 791 2992 quod
818 2887 1040 2992 respondeat
1065 2885 1248 2962 Graecum
1271 2887 1390 2961 effero
1416 2879 1629 2996 inepti—e,
1653 2889 1757 2994 quod
1783 2892 1882 2995 apud

304 3010 527 3114 Hesychium
553 3014 706 3113 legitur,
743 3027 930 3114 raptorem
963 3009 1187 3110 significans3
1221 3011 1377 3105 inim-r
1407 3036 1561 3112 quoque
1593 3012 1667 3090 huc
1698 3006 1897 3118 pertinere

304 3130 467 3224 videtur,
501 3158 573 3236 pro
605 3134 744 3230 eise-r,
777 3131 999 3204 vocabulum
1030 3153 1113 3202 sero
1146 3129 1295 3205 factum.
1349 3133 1551 3205 Masculina
1586 3133 1720 3210 deinde
1753 3141 1791 3212 in
1818 3141 1881 3214 ab·

305 3273 475 3335 stractam
500 3280 698 3360 rerumque
728 3252 1026 3357 significationem
1050 3265 1239 3326 uanseunt
1260 3253 1303 3326 in
1323 3249 1539 3326 Sameritis:
1575 3252 1743 3342 laetu-s,
1775 3285 1882 3334 causa

304 3407 326 3456 a
351 3379 416 3465 Iri,
441 3405 601 3484 ponere,
633 3381 831 3464 aratu-s,
856 3375 1071 3452 sacrificiu-m
1095 3403 1117 3462 a
1143 3377 1210 3468 lep,
1234 3372 1367 3466 facere,
1397 3377 1497 3450 etin
1522 3375 1680 3455 Latinis:
1698 3379 1881 3484 fructu-s,

305 3521 436 3590 onus,
456 3520 614 3606 portu-s,
636 3502 815 3588 babitu-s,
838 3501 963 3606 qualia
980 3499 1115 3576 Graeci
1138 3527 1218 3576 non
1240 3499 1398 3591 bahent,
1428 3499 1603 3576 feminina
1624 3521 1746 3583 autem
1764 3531 1880 3610 aeque

305 3633 345 3705 in
363 3629 550 3706 Sanscrito
575 3653 758 3721 sermone,
787 3629 826 3700 in
852 3651 929 3729 quo
954 3624 1125 3702 infinitivi
1152 3641 1188 3698 et
1213 3621 1379 3726 gemmelii
1404 3622 1490 3698 loeo
1513 3646 1751 3730 usurpantur,
1780 3647 1818 3704 et
1840 3635 1882 3706 in

305 3753 450 3829 Graeco
467 3752 681 3855 vulgantur3
701 3753 833 3850 joam
858 3753 980 3852 igitur,
1009 3748 1177 3825 infinitivi
1186 3745 1461 3850 joam-mm)
1479 3763 1521 3824 ‘et
1537 3751 1703 3852 gerundii
1714 3753 1880 3850 juletvat

305 3877 442 3971 thema,
467 3873 758 3979 comparandum
784 3889 840 3950 est
864 3899 947 3948 cum
975 3871 1142 3948 Graecis:
1179 3863 1322 3954 ἂιιτόὲς,
1341 3863 1533 3980 *squeri-e,
1558 3866 1702 3962 ilarii-t,
1727 3865 1880 3962 &antiq

305 3993 507 4110 ἁρπακτύ-ς,
533 3991 710 4087 ἀλαλητός,
734 3989 989 4107 σωφρονιστάς.
1036 3996 1210 4099 Denique
1236 4023 1283 4072 ne
1308 3983 1441 4076 neutra'
1458 3995 1614 4102 quidem
1639 3997 1789 4074 Graecis
1814 4000 1878 4075 de·

305 4143 390 4200 sunt
414 4127 451 4200 ri
479 4130 567 4222 φῖτυ,
592 4118 631 4198 ri
654 4115 765 4197 sciero
793 4129 828 4219 (a
855 4120 933 4195 rad.
962 4147 1061 4214 vos,
1090 4119 1364 4222 habitare)²⁴f).

459 4247 650 4324 Simillima
677 4247 763 4321 buic
788 4262 843 4320 est
868 4255 898 4320 tr·
917 4249 1141 4320 terminatio.
1185 4238 1268 4340 Qua
1286 4247 1482 4322 masculina
1501 4249 1636 4349 agentis
1654 4245 1875 4323 formantur:

302 4377 455 4472 jati-s,
480 4377 673 4464 coercitor,
702 4397 722 4446 a
741 4373 854 4472 jam,
880 4395 1062 4462 coercere,
1087 4361 1284 4473 g'ndti-s,
1312 4377 1377 4474 qui
1403 4374 1589 4474 cognoscit
1613 4370 1786 4477 aliquem,
1816 4397 1878 4448 co·

361 4689 417 4771 ⁸⁴³)
459 4689 590 4749 Willim
617 4674 742 4770 p.4'85.;
766 4687 934 4749 Wilsonius
955 4686 1028 4750 banc
1057 4687 1299 4772 significationem
1325 4707 1385 4750 non
1411 4687 1497 4748 aliert
1525 4685 1555 4746 in
1583 4687 1692 4766 lexico,
1719 4691 1770 4752 sed
1797 4693 1880 4753 aliam

309 4813 390 4854 arem
410 4793 451 4854 sic
473 4789 648 4851 nominatam
669 4809 730 4852 esse
758 4789 846 4866 dicit,
872 4787 921 4850 the
942 4789 1003 4850 kiiil
1025 4811 1060 4850 or
1080 4789 1182 4852 Indian
1203 4791 1324 4852 cuckoo.
1367 4787 1542 4850 Generalior
1561 4793 1648 4860 geru
1670 4789 1803 4852 vocabuli
1823 4813 1878 4853 no·

308 4893 351 4954 tio
373 4905 416 4954 est
437 4901 549 4964 cantor,
571 4889 601 4948 in
622 4909 677 4968 qua
696 4889 752 4949 viri
774 4889 823 4949 dd.
845 4890 1009 4951 concinunt.

363 4987 419 5071 m)
462 4989 654 5072 comparanda
675 5001 740 5049 sunt
760 4989 860 5071 supina
879 4989 980 5052 Latina
1001 4989 1031 5050 in
1052 5007 1113 5050 eum
1136 5002 1165 5052 et
1185 5007 1217 5050 ru
1238 4990 1275 5054 cl.
1296 4990 1382 5071 Bopp
1402 4989 1573 5073 Sllgramm.
1594 5013 1623 5073 p.
1635 4989 1704 5052 287.

363 5089 418 5170 ω)
459 5093 530 5153 ms
549 5091 584 5152 n.
605 5087 700 5166 nn,
720 5109 749 5170 p.
770 5089 841 5152 551.

1517 5193 1574 5266 8,
