4532 5882
1071 550 1166 666 ,3'

319 783 508 872 pagantur.
563 763 651 840 Duo
683 766 792 866 igitur
817 760 1032 837 suffixorum
1058 787 1191 864 genera
1217 778 1321 856 sunt,
1353 761 1492 866 quasa
1519 765 1722 842 Sanscritae
1745 767 1898 872 'linguae

320 895 567 996 grammaticis
590 889 774 964 subtiliter
807 884 1095 990 distinguuntur:
1131 887 1305 981 alterum,
1340 891 1550 966 nominibus
1575 891 1784 979 verbalibus
1810 918 1898 998 pro-

316 1019 452 1121 prium,
483 1041 526 1090 ea
552 1017 732 1096 continet,
767 1011 860 1116 quae
886 1013 962 1106 Kst
987 1029 1026 1087 et
1055 1010 1198 1106 Unedr,
1236 1011 1392 1088 alterum
1418 1011 1512 1118 quae
1542 1011 1732 1092 Toddlrila
1747 1043 1749 1050 ⁴
1762 1041 1896 1095 socan·

317 1157 389 1217 tur.
438 1138 544 1234 Quae
578 1165 709 1242 genera
736 1138 845 1212 etiam
870 1139 906 1212 in
928 1136 1160 1213 Graecorum
1181 1140 1374 1214 nominum
1399 1123 1618 1216 sermatione
1645 1139 1899 1244 distinguenda

316 1281 414 1342 sunt.
469 1263 707 1368 Quamquam·
732 1279 808 1338 tam
842 1279 1008 1338 scemate
1034 1259 1167 1338 Graeci
1196 1263 1402 1367 utriusque
1418 1268 1560 1368 generis
1591 1289 1788 1368 paragogas
1820 1293 1899 1341 non

317 1405 543 1493 separarunt,
573 1415 683 1492 quam
708 1387 793 1464 Indi
819 1403 856 1464 et
880 1403 965 1462 sunt
982 1385 1161 1490 quaedam
1178 1391 1326 1492 utrique
1349 1385 1455 1464 classi
1479 1413 1722 1474 communes·
1742 1417 1778 1466 re
1800 1395 1899 1466 enim

315 1513 495 1607 neutrale,
525 1513 627 1618 quod
651 1512 837 1590 Sanserito
864 1535 902 1588 as
924 1511 1192 1620 respondet7),
1221 1539 1335 1616 quum
1360 1511 1435 1588 hoc
1457 1531 1600 1588 tantum
1626 1503 1665 1588 in
1690 1515 1898 1591 verbalibus

316 1655 512 1742 usurpetur
552 1647 710 1738 (man-as
748 1663 769 1717 a
805 1663 891 1714 man
928 1635 1021 1730 rad,
1063 1663 1167 1713 mens
1200 1663 1220 1712 a
1256 1638 1489 1740 cogitando),
1532 1637 1666 1713 Graeci
1705 1643 1814 1714 etiam
1851 1636 1897 1713 ad

316 1760 587 1842 denominativa
616 1763 880 1840 transtulerunt
905 1753 994 1864 (ὅξος
1019 1764 1065 1836 ab
1091 1754 1201 1865 ὀξύ-ς,
1227 1752 1333 1870 tipo-e
1347 1763 1402 1836 ab
1430 1753 1562 1871 stipsi-e).
1613 1783 1697 1852 mc,
1725 1761 1827 1867 quod
1854 1788 1898 1838 ex

316 1915 372 1997 τηρ
398 1905 521 1964 ortum
547 1905 603 1963 est
621 1888 676 1988 1),
711 1913 789 1964 non
819 1885 934 1963 modo
959 1891 1000 1961 in
1026 1881 1175 1976 ‹ten-rvr
1199 1877 1348 1975 rodes-e
1368 1887 1600 1980 verbalibus,
1635 1885 1699 1962 sed
1727 1891 1835 1963 etiam
1859 1891 1899 1962 in

316 2006 510 2108 φυλέ-τη-ς,
540 2006 710 2101 noli-me
736 2014 890 2116 aliisque
917 2009 1197 2090 denominativis
1222 2027 1431 2114 usurpatur.
1485 2011 1530 2085 In
1561 2011 1635 2086 hoc
1661 2035 1744 2086 oum
1769 2012 1899 2116 pleris-

316 2163 388 2239 que
414 2137 546 2241 linguis
573 2138 715 2214 Graeca
741 2140 920 2240 congruit,
948 2135 1051 2240 quod
1076 2162 1149 2215 'te-o
1163 2137 1202 2232 1)
1237 2139 1342 2210 cuius
1372 2133 1543 2239 proprius
1575 2161 1661 2210 usus
1690 2153 1745 2210 est
1769 2141 1808 2210 in
1835 2133 1898 2210 ad-

313 2265 453 2336 iectivis
479 2263 688 2338 verbalibus
714 2253 909 2362 (tes-ris),
927 2261 1109 2336 -uansfsrt
1135 2263 1244 2335 etiam
1270 2258 1316 2333 ad
1343 2257 1626 2353 denominativa,
1655 2259 1758 2338 velut
1781 2257 1899 2334 θυσα-

314 2377 458 2467 νω-τέ-ς,
485 2377 669 2492 estensi-e,
695 2375 880 2466 κοντωτὸ-ς,
908 2406 1002 2486 quae
1029 2408 1073 2456 ex
1098 2384 1301 2458 verbalium
1327 2383 1492 2484 analogia
1520 2387 1622 2485 quasi
1648 2409 1668 2457 a
1692 2385 1814 2460 verbis
1830 2381 1899 2457 θυ-

314 2501 424 2585 eosdm
439 2526 510 2585 etc.
531 2503 749 2601 formantur,
778 2513 871 2583 sicut
885 2507 1110 2584 Sanscritum
1124 2497 1362 2609 phalica-s,
1391 2533 1411 2582 1
1432 2505 1580 2606 phale
1591 2507 1763 2606 (sumtus)
1777 2507 1900 2582 fructu

310 2632 514 2738 praeditus,
545 2633 719 2708 Latinum
736 2649 934 2726 nasu-tu-s,
964 2647 1133 2706 nostrum
1151 2629 1319 2734 gehbrnt,
1351 2655 1446 2733 quae
1462 2632 1594 2722 verba,-
1617 2627 1717 2706 unde
1732 2627 1898 2704 deriven-

314 2776 374 2834 tur
399 2785 477 2834 non
502 2757 653 2833 habent.
707 2757 828 2834 Rarus
856 2773 988 2837 nonna
1020 2774 1057 2832 et
1082 2756 1160 2832 fere
1187 2753 1371 2831 inauditus
1397 2763 1460 2830 est‘
1477 2754 1619 2847 suffixi,
1642 2749 1897 2831 denominati·

312 2887 368 2960 vis
407 2887 571 2987 proprii,
622 2887 661 2958 in
707 2883 911 2959 verbalium
952 2882 1107 2958 classem
1150 2885 1339 2974 transitus,
1375 2884 1480 2954 cuius
1520 2879 1729 2984 exemplum
1766 2877 1899 2982 legitur

312 3012 352 3084 in
395 3007 533 3113 hymno
577 3011 617 3082 in
652 3009 810 3084 Martem
828 3007 874 3108 11)
895 3031 898 3039 ·
923 3031 961 3096 v.
1000 3010 1057 3080 10.
1095 3008 1128 3082 ἒς
1164 2993 1338 3092 (leima,
1371 3007 1411 3080 in
1444 2991 1532 3107 'quo
1577 3025 1653 3092 ’ru-r
1688 3001 1747 3078 G.
1777 3029 1896 3096 11111,

313 3131 401 3206 alias
433 3137 473 3204 in
505 3130 785 3202 denominativis
816 3145 1051 3226 usurpatum,
1080 3132 1223 3201 nomini
1253 3129 1394 3202 verbali
1411 3127 1553 3201 *datum
1582 3143 1652 3202 est.
1697 3127 1755 3200 lu.
1775 3127 1900 3228 lingua

314 3254 497 3332 Sanscrita
528 3256 568 3326 in
601 3250 882 3326 denominativis
912 3249 1111 3350 praecipuo
1130 3247 1327 3320 invenitur
1357 3243 1420 3316 illa
1452 3246 1591 3318 vocalis
1624 3251 1766 3336 aretio,
1805 3271 1900 3348 quas

313 3377 484 3472 vrddbr‘
505 3393 670 3468 vocatur,
699 3373 802 3450 velut
825 3363 973 3468 ‚curi-s
997 3373 1159 3474 (purus),
1187 3358 1397 3462 cauta-m
1415 3364 1597 3471 (puritast
1636 3365 1770 3441 Gracci
1795 3367 1899 3470 qnod
2013 3387 2014 3390 ’

315 3531 400 3581 cum
416 3504 485 3578 hac
502 3516 736 3604 comparetur
750 3523 830 3574 non
846 3497 1006 3589 habent3
996 3493 1090 3570 ·sed
1107 3493 1356 3598 plerumque
1345 3516 1384 3566 m
1405 3490 1629 3567 derivatione
1643 3490 1810 3566 vocalem
1822 3487 1907 3568 non

316 3645 461 3734 augent,
489 3629 630 3716 γλεῦκος
655 3641 733 3700 ete
717 3615 851 3732 ἔρευθος
877 3637 1013 3713 autom,
1044 3641 1177 3724 qrraea
1201 3609 1330 3709 γλυκύς
1356 3633 1394 3692 et
1418 3607 1575 3751 ipobps'c
1600 3613 1766 3691 similiter
1790 3639 1898 3721 repe·

188 3747 194 3759 ¹
315 3753 427 3830 tenda
452 3769 555 3845 sunt,
585 3765 695 3852 atque
721 3737 809 3856 adpre
833 3749 879 3820 ab
906 3735 1012 3855 εὖρός,
1039 3745 1140 3835 μῆκος
1166 3769 1186 3818 a
1212 3731 1371 3852 prepi-e,
1398 3738 1484 3816 non
1501 3731 1627 3814 alitor
1632 3739 1765 3842 augent
1788 3767 1898 3836 voca-

315 3879 403 3970 lem,
435 3903 545 3981 qnam
569 3878 609 3948 in
633 3875 826 3978 primitivis
853 3895 898 3946 ex
922 3869 1046 3946 radice
1063 3867 1294 3960 formandis,
1329 3864 1447 3967 (velut
1478 3855 1605 3964 φεύγω
1627 3875 1757 3962 aponi,
1784 3861 1900 3955 ζεῦγός

319 4001 549 4102 αζυγ11)1.
580 4025 614 4075 e.
644 3993 844 4089 eomodo,
875 4000 939 4100 qui
964 4000 1003 4070 in
1028 3994 1151 4096 lingua
1171 3992 1363 4068 Sanscrita
1380 4013 1487 4094 gisna
1502 3987 1717 4064 dieituru-
1723 3987 1898 4064 Discre

317 4121 420 4231 pant
433 4143 554 4203 autem
580 4123 852 4220 denominativa
877 4147 899 4194 a
925 4117 1134 4197 verbalibus
1152 4116 1308 4210 ratione,
1323 4141 1411 4220 -qua
1429 4111 1540 4218 stirps
1556 4139 1641 4190 cum
1657 4112 1898 4204 suffixorum-

377 4473 409 4558 ⁷)
450 4479 508 4538 rid.
528 4479 614 4559 Bopp
635 4471 870 4559 Vergleichende
892 4437 1070 4592 Grammatik
1090 4491 1120 4551 p.
1112 4465 1205 4530 ..171

378 4575 410 4657 1)
452 4577 957 4659 it.p.1to.=
1244 4603 1246 4608 ·

379 4677 411 4759 1)
453 4678 566 4739 Sanscr.
587 4691 655 4753 ta-,s
676 4675 810 4736 Latinum
830 4687 901 4735 tu-.s

364 4779 417 4861 11)
461 4779 511 4860 qui
537 4791 659 4859 propter
678 4777 752 4838 hanc
775 4776 902 4857 aliasque
921 4791 1017 4836 eomas
1032 4761 1124 4836 vaide
1144 4787 1246 4832 recent
1268 4783 1330 4831 este
1332 4759 1474 4868 videtur,
1519 4763 1566 4826 Cf.¹
1589 4765 1627 4827 0.
1649 4759 1755 4826 Mliller
1776 4761 1897 4824 Grieeb.

322 4877 634 4964 Literaturgescbicbte
655 4877 723 4939 Vol.
736 4879 764 4938 1.
766 4875 908 4959 ‚p.127.
927 4897 969 4956 sq.

378 4980 419 5062 ¹¹)
461 4981 499 5043 cl.
526 4970 656 5059 <ops-,v
676 4978 847 5040 Latinum·
830 5001 899 5050 Jur-
886 5002 935 5036 ·n-
936 5001 976 5053 m,
997 4973 1059 5036 rad.
1080 4974 1174 5036 Sct'
1156 4963 1228 5047 μείς
1249 4970 1309 5034 vid.
1330 4969 1439 5052 Boppii
1459 4969 1598 5051 synopsin
1618 4965 1776 5033 radicum
1767 4987 1797 5026 m
1817 4960 1897 5048 glos-

323 5082 398 5145 sario
419 5083 533 5146 Samen.

1545 5174 1595 5244 1,
