4532 5882
1176 539 1205 627 6

402 760 616 851 inclinatur,
650 760 700 832 its
726 753 876 830 demum
900 777 944 827 ex
969 777 1045 826 uno
1071 754 1222 827 nomine
1248 750 1406 828 alterum
1422 749 1587 830 derivari
1613 750 1780 830 dicimus.
1830 756 1982 860 ‘Augen-

401 903 462 960 tur
483 901 606 960 autem
631 907 709 956 non
733 895 870 956 mutata
894 880 1049 952 notione
1073 880 1224 952 nomina
1250 892 1314 952 aut
1339 881 1532 972 consonis,
1561 894 1625 954 aut
1648 879 1859 975 vocalibus3
1893 905 1983 958 con·

401 1013 514 1102 sonis,
546 1033 639 1112 quae
651 1009 694 1080 in*
703 1003 867 1082 vocalem
882 1017 1032 1096 exeunt,
1062 999 1352 1106 copulandarum
1370 1028 1519 1078 casuum
1533 1007 1836 1081 terminationum
1853 1031 1982 1102 causa;

401 1133 604 1226 vocalibus,
635 1156 729 1234 quae
755 1126 928 1202 desinunt
951 1131 991 1201 in
1017 1153 1231 1220 consonam,
1261 1153 1306 1202 ex
1330 1127 1548 1231 negligentia
1566 1127 1725 1232 quadam
1741 1129 1898 1233 linguae,
1928 1155 1984 1206 se·

402 1256 563 1334 cundum
602 1281 712 1358 quam
752 1252 987 1356 isosyllabam
1020 1267 1058 1327 et
1087 1250 1418 1356 magis-uulgarem
1451 1249 1735 1330 declinationem
1772 1253 1983 1359 perittosyl·

261 1461 267 1478 ,
386 1382 506 1466 ¹labae
540 1407 582 1456 ac
612 1382 732 1452 minus
763 1381 914 1454 usitatae
951 1377 1125 1481 praefert.
1179 1374 1336 1452 Accedit
1366 1374 1589 1452 abundantia
1622 1376 1803 1481 quaedam
1832 1377 1983 1454 suffixo·

400 1533 496 1600 mm,
527 1529 620 1608 quse
646 1529 729 1578 raro
756 1502 854 1606 apud
868 1502 1044 1598 Graecos,
1074 1505 1217 1605 saepius
1242 1505 1283 1576 in
1306 1501 1430 1604 lingua
1446 1500 1578 1577 Latina
1603 1507 1801 1580 invenitur.
1842 1502 1903 1579 De
1927 1502 1984 1580 his

400 1633 523 1723 rebus,
553 1653 647 1732 quae
674 1625 794 1702 adhuc
819 1628 938 1703 minus
964 1631 1070 1703 tritae
1094 1643 1194 1719 sunt,
1222 1625 1336 1728 paulo
1363 1631 1563 1702 sonnatius
1584 1625 1769 1730 ‘agendum
1795 1644 1863 1703 est.

499 1755 722 1856 Incipiamus
748 1779 769 1827 a
796 1756 980 1846 consonis,
1011 1777 1105 1855 quae
1131 1750 1269 1826 suffixis
1294 1749 1511 1855 quibusdam
1529 1749 1727 1828 adduntur.
1771 1752 1818 1826 ln
1834 1751 1891 1826 his
1908 1755 1984 1856 pri·

400 1903 501 1952 mum
527 1874 574 1952 de
600 1872 820 1952 ddicamus.
876 1875 999 1972 Quam
1024 1877 1167 1952 literam
1193 1873 1354 1950 additam
1380 1901 1458 1951 esse
1484 1879 1524 1951 in
1548 1877 1738 1952 vocabulis
1763 1879 1802 1950 in
1828 1881 1896 1985 spi,
1922 1901 1984 1954 ve·

344 2087 348 2098 ,
399 2003 457 2076 lut
481 1995 645 2111 ληστρῖ-ς,
677 2029 771 2105 quae
797 2001 989 2078 Senseritis
1015 2003 1054 2074 in
1079 1991 1389 2104 tr1(g'onitri)
1414 1999 1556 2076 Latinis
1581 2005 1623 2076 in
1647 2004 1770 2076 tri-os
1796 2003 1985 2103 (genitrix)

399 2125 648 2229 respondent,
691 2143 804 2232 atque
834 2129 873 2200 in
902 2128 1167 2230 patronymicis
1199 2125 1405 2217 femininis,
1447 2151 1542 2228 qrrae
1579 2129 1619 2201 in
1652 2153 1698 2203 rs
1726 2128 1981 2216 terminantur,

398 2247 567 2354 Boppius
592 2254 732 2354 primus
759 2249 887 2326 docuit
902 2250 963 2350 ¹⁸).
1005 2248 1079 2326 Sed
1106 2254 1145 2324 in
1170 2249 1249 2326 aliis
1276 2275 1427 2352 quoque
1454 2251 1667 2326 nominihus
1690 2253 1732 2325 in
1757 2277 1802 2327 es
1827 2244 1851 2322 d
1871 2252 1985 2326 serius

400 2379 577 2450 insertum
597 2399 674 2450 esse
699 2373 858 2452 videtur.
895 2377 914 2449 ί
935 2378 1033 2450 enim
1060 2401 1174 2478 Qum
1191 2378 1231 2448 in
1248 2373 1371 2477 lingua
1384 2369 1569 2450 Senserita
1585 2375 1760 2450 feminina
1770 2374 1919 2468 formet,
1949 2374 1987 2450 et

399 2521 529 2574 eorum
542 2503 734 2574 nominum
749 2527 842 2602 quae
854 2499 979 2575 thema
996 2513 1222 2574 consonante
1239 2503 1436 2573 terminant
1452 2499 1555 2574 velut
1570 2514 1657 2573 sat·
1676 2504 1760 2595 (set
1776 2501 1841 2599 A),
1863 2516 1900 2574 et
1917 2523 1985 2575 no·

400 2599 541 2698 minum
570 2627 609 2697 in
636 2649 675 2716 a,
703 2623 770 2695 ubi
801 2623 1076 2725 componuntur
1091 2622 1158 2720 ¹⁹),
1192 2621 1295 2698 velut
1318 2620 1532 2696 sumatur
1552 2620 1662 2721 (facie
1682 2622 1860 2721 formosa)
1880 2649 1900 2696 a
1917 2649 1986 2698 su·

338 2771 341 2778 *
399 2745 577 2840 multia,
606 2745 695 2820 huic
719 2749 812 2820 mire
836 2743 1040 2850 respondet
1065 2771 1235 2849 graecum
1261 2747 1491 2836 εὐπλοκαμῑ-ς,
1518 2744 1621 2849 quod
1646 2743 1780 2822 eodem
1805 2745 1986 2822 modoad

398 2871 639 2946 masculinum
665 2861 891 2962 uindicasse-r
916 2873 1078 2974 pertinet
1091 2869 1155 2966 ²⁰).
1210 2868 1335 2976 Quare
1366 2874 1458 2974 quin
1483 2871 1522 2945 in
1547 2870 1622 2945 hoc
1648 2896 1800 2974 quoque
1826 2867 1984 2948 dinser-

398 3013 478 3070 tum
504 2997 563 3088 sit,
593 2994 754 3071 dubitari
779 3020 857 3068 non
881 3010 1018 3097 potest.
1072 2979 1152 3070 Iam
1176 3019 1266 3072 vero
1294 2993 1455 3070 eundem*
1478 3020 1585 3070 usum
1611 3020 1721 3098 saepe
1744 2997 1858 3072 breve
1884 2995 1985 3070 iha-

275 3215 279 3222 .
397 3122 464 3194 bet
488 3135 563 3194 tam
589 3123 628 3194 in
653 3124 867 3222 compositis
891 3121 994 3196 velut
1011 3113 1218 3208 συμμαχί-ς,
1244 3113 1454 3224 negaturi-c,
1482 3143 1643 3220 quorum
1663 3119 1863 3193 masculina
1879 3123 1919 3194 in
1936 3147 1987 3198 us

399 3258 552 3334 exeunt,
590 3267 701 3343 quam
735 3245 775 3315 in
801 3239 1031 3344 simplicibus
1044 3234 1188 3347 'irrepis²
1218 3233 1346 3344 ἡμερίςς
1378 3255 1489 3342 atque
1523 3255 1580 3314 est
1601 3239 1677 3316 hoc
1700 3246 1895 3346 proprium
1921 3269 1985 3319 eo·
2034 3277 2039 3286 ·

398 3392 481 3443 rum
506 3366 769 3439 femininorum
794 3363 986 3456 cuffiam,
1016 3387 1176 3466 quorum
1201 3361 1400 3438 masculina
1426 3366 1466 3436 in
1489 3391 1545 3451 us
1569 3361 1762 3460 desinunt,
1794 3367 1899 3444 velut
1922 3397 1986 3460 μυ-

400 3481 565 3598 perdtus-s
580 3499 595 3548 ·“
610 3475 815 3596 nogienis-c
829 3487 892 3587 21),
922 3487 1199 3589 multorumque
1224 3489 1264 3561 in
1288 3477 1371 3581 sti-s,
1399 3487 1503 3564 velut
1527 3478 1677 3574 dont,
1705 3517 1875 3597 qrraeque
1895 3519 1984 3570 eon·

400 3640 508 3691 sonas
533 3617 573 3687 in
596 3612 767 3687 thematis
793 3611 868 3687 fine
893 3611 1033 3685 habent
1050 3655 1065 3668 -
1083 3605 1286 3701 ἡγεμον-ἷ-ς,
1318 3606 1485 3699 ‹indos-is.
1535 3615 1581 3689 In
1613 3616 1746 3718 quibus
1777 3620 1948 3693 omnibus
1974 3645 1985 3688 ι

400 3765 484 3815 cum
511 3736 697 3813 Sanscrito
729 3739 747 3810 ἰ
773 3751 969 3838 cognatum
1001 3759 1079 3809 esse
1108 3733 1263 3811 videtur.
1313 3735 1447 3841 Neque
1480 3739 1529 3813 ab
1562 3738 1620 3814 his
1645 3746 1804 3845 separari
1828 3757 1984 3846 possunt

401 3880 521 3939 cetera
546 3865 586 3936 in
612 3889 657 3936 es
682 3859 861 3936 vocabula
873 3916 883 3952 ,
913 3883 1008 3962 quae
1033 3862 1073 3933 in
1099 3860 1315 3935 abstractam
1340 3861 1642 3964 significationem
1668 3869 1889 3942 transierunt
1913 3867 1982 3964 (ἐλ-

401 3984 531 4088 n's'r22);
564 4009 787 4088 quamquam
817 3982 909 4057 haec
935 3987 1044 4057 etiam
1070 4008 1153 4058 cum
1180 3981 1372 4060 Sanscritis
1396 3989 1436 4060 in
1462 3991 1730 4082 inominibus,
1766 4016 1844 4064 non
1875 3987 1982 4066 valde

399 4112 655 4215 frequentibus
676 4099 796 4210 (g'aji
819 4135 840 4182 a
862 4098 932 4210 g'i-
956 4110 1110 4183 victoria
1125 4105 1188 4206 ²³),
1219 4115 1424 4215 comparari
1448 4129 1616 4214 possunt.
1657 4111 1767 4188 Certe
1792 4111 1883 4189 haec
1901 4139 1981 4190 om·

399 4240 467 4344 nia
485 4239 525 4310 in
552 4257 597 4307 eo
624 4229 894 4336 aequiparanda
921 4258 998 4308 esse
1024 4231 1209 4328 videntur,
1240 4232 1341 4338 quod
1361 4231 1508 4315 ‹tserius
1534 4240 1574 4312 in
1591 4262 1630 4312 se
1646 4253 1878 4342 receperunt.
1912 4239 1980 4314 At·

406 4560 411 4586 ‘
455 4549 502 4648 ¹⁹²),
537 4568 623 4648 sopp
645 4565 820 4650 Sauskritgr.
841 4569 872 4628 in
891 4569 1030 4630 kirzerer
1049 4567 1178 4652 Fassung
1197 4591 1228 4651 p.
1239 4567 1310 4630 108.

455 4663 497 4748 ²9)
540 4689 556 4728 a
582 4661 749 4750 senonensi-c¹
763 4669 841 4729 enim
867 4663 1053 4740 :intonasti-e
1074 4669 1304 4734 derivarevetat
1336 4691 1400 4733 sera
1421 4669 1502 4732 huius
1524 4669 1657 4734 vocabuli
1679 4667 1860 4754 (eleusii-e)
1882 4673 1977 4757 origo.

372 4805 375 4812 ,
400 4773 563 4854 Usurpatur
584 4768 661 4830 enim
681 4770 805 4850 primum
826 4791 843 4830 a
864 4769 1037 4840 Theocrito,

456 4868 499 4950 ¹¹)
542 4870 578 4932 de
600 4868 702 4950 quibus
724 4871 785 4954 agit
804 4870 914 4932 Buttrn.
937 4869 991 4931 Gr.
1013 4870 1098 4951 ampl.
1113 4869 1163 4947 II.,
1185 4893 1214 4956 p.
1225 4868 1295 4932 327.

454 4969 496 5052 ²²)
539 4971 575 5032 de
597 4969 804 5033 abstractorum
826 4971 941 5054 origine
960 4971 1021 5035 vid.
1041 4969 1125 5031 inira.

455 5069 498 5154 ²³)
540 5095 567 5134 v.
589 5072 675 5156 Bopp
697 5073 794 5156 Sktgr.
816 5093 845 5152 p.
857 5071 928 5132 299.
