<?xml version="1.0" encoding="UTF-8"?>
<!DOCTYPE html PUBLIC "-//W3C//DTD XHTML 1.0 Transitional//EN"
    "http://www.w3.org/TR/xhtml1/DTD/xhtml1-transitional.dtd">
<html xmlns="http://www.w3.org/1999/xhtml" xml:lang="en" lang="en">
 <head>
  <title>
</title>
<meta http-equiv="Content-Type" content="text/html;charset=utf-8" />
  <meta name='ocr-system' content='tesseract 3.04.00' />
  <meta name='ocr-capabilities' content='ocr_page ocr_carea ocr_par ocr_line ocrx_word'/>
</head>
<body>
  <div class='ocr_page' id='page_1' title='image "./denominumgraeco00curtgoog_0073.png"; bbox 0 0 4532 5882; ppageno 0'>
   <div class='ocr_carea' id='block_1_1' title="bbox 434 787 2100 1501">
    <p class='ocr_par' dir='ltr' id='par_1_1' title="bbox 434 787 2100 1501">
     <span class='ocr_line' id='line_1_1' title="bbox 436 787 2013 902; baseline -0.004 -28"><span class='ocrx_word' id='word_1_1' title='bbox 436 799 638 902; x_wconf 88' lang='lat' dir='ltr'><strong>suspicatur</strong></span> <span class='ocrx_word' id='word_1_2' title='bbox 671 791 901 896; x_wconf 85' lang='lat' dir='ltr'><strong>(Sctgramm.</strong></span> <span class='ocrx_word' id='word_1_3' title='bbox 935 814 975 892; x_wconf 91' lang='lat' dir='ltr'><strong>p.</strong></span> <span class='ocrx_word' id='word_1_4' title='bbox 993 789 1114 886; x_wconf 60' lang='lat' dir='ltr'><strong>ild).</strong></span> <span class='ocrx_word' id='word_1_5' title='bbox 1176 787 1314 862; x_wconf 89' lang='lat' dir='ltr'><strong>Verum</strong></span> <span class='ocrx_word' id='word_1_6' title='bbox 1356 815 1468 891; x_wconf 89' lang='lat' dir='ltr'><strong>quum</strong></span> <span class='ocrx_word' id='word_1_7' title='bbox 1508 815 1613 863; x_wconf 88' lang='lat' dir='ltr'><strong>causa</strong></span> <span class='ocrx_word' id='word_1_8' title='bbox 1652 813 1729 863; x_wconf 91' lang='lat' dir='ltr'><strong>non</strong></span> <span class='ocrx_word' id='word_1_9' title='bbox 1768 791 2013 894; x_wconf 79' lang='lat' dir='ltr'><strong>conspiciatur</strong></span> 
     </span>
     <span class='ocr_line' id='line_1_2' title="bbox 434 911 2008 1027; baseline -0.005 -29"><span class='ocrx_word' id='word_1_10' title='bbox 434 939 589 1027; x_wconf 89' lang='lat' dir='ltr'><strong>propter</strong></span> <span class='ocrx_word' id='word_1_11' title='bbox 625 945 733 1022; x_wconf 88' lang='lat' dir='ltr'><strong>quam</strong></span> <span class='ocrx_word' id='word_1_12' title='bbox 765 945 803 990; x_wconf 89' lang='lat' dir='ltr'><strong>m</strong></span> <span class='ocrx_word' id='word_1_13' title='bbox 828 915 948 988; x_wconf 86' lang='lat' dir='ltr'><strong>littera</strong></span> <span class='ocrx_word' id='word_1_14' title='bbox 974 917 1011 987; x_wconf 92' lang='lat' dir='ltr'><strong>in</strong></span> <span class='ocrx_word' id='word_1_15' title='bbox 1038 911 1198 1016; x_wconf 78' lang='lat' dir='ltr'>syllabae</span> <span class='ocrx_word' id='word_1_16' title='bbox 1225 915 1331 987; x_wconf 89' lang='lat' dir='ltr'><strong>initio</strong></span> <span class='ocrx_word' id='word_1_17' title='bbox 1359 912 1445 986; x_wconf 86' lang='lat' dir='ltr'><strong>elisa</strong></span> <span class='ocrx_word' id='word_1_18' title='bbox 1471 915 1536 1006; x_wconf 87' lang='lat' dir='ltr'><strong>sit,</strong></span> <span class='ocrx_word' id='word_1_19' title='bbox 1572 917 1697 988; x_wconf 90' lang='lat' dir='ltr'><strong>nescio</strong></span> <span class='ocrx_word' id='word_1_20' title='bbox 1730 939 1776 988; x_wconf 91' lang='lat' dir='ltr'><strong>an</strong></span> <span class='ocrx_word' id='word_1_21' title='bbox 1809 919 1919 990; x_wconf 91' lang='lat' dir='ltr'><strong>satius</strong></span> <span class='ocrx_word' id='word_1_22' title='bbox 1950 920 2008 1011; x_wconf 87' lang='lat' dir='ltr'><strong>sit,</strong></span> 
     </span>
     <span class='ocr_line' id='line_1_3' title="bbox 435 1035 2012 1148; baseline -0.004 -28"><span class='ocrx_word' id='word_1_23' title='bbox 435 1049 487 1121; x_wconf 92' lang='lat' dir='ltr'><strong>ibi</strong></span> <span class='ocrx_word' id='word_1_24' title='bbox 520 1060 684 1148; x_wconf 79' lang='lat' dir='ltr'><strong>quoque·</strong></span> <span class='ocrx_word' id='word_1_25' title='bbox 702 1040 809 1115; x_wconf 89' lang='lat' dir='ltr'><strong>duas</strong></span> <span class='ocrx_word' id='word_1_26' title='bbox 839 1041 1115 1114; x_wconf 81' lang='lat' dir='ltr'><strong>terminationes</strong></span> <span class='ocrx_word' id='word_1_27' title='bbox 1146 1039 1315 1139; x_wconf 89' lang='lat' dir='ltr'><strong>primitus</strong></span> <span class='ocrx_word' id='word_1_28' title='bbox 1348 1035 1505 1112; x_wconf 83' lang='lat' dir='ltr'><strong>diversas</strong></span> <span class='ocrx_word' id='word_1_29' title='bbox 1532 1053 1708 1130; x_wconf 85' lang='lat' dir='ltr'><strong>statuere,</strong></span> <span class='ocrx_word' id='word_1_30' title='bbox 1746 1041 1797 1112; x_wconf 89' lang='lat' dir='ltr'><strong>ita</strong></span> <span class='ocrx_word' id='word_1_31' title='bbox 1818 1055 1864 1114; x_wconf 89' lang='lat' dir='ltr'><strong>ut</strong></span> <span class='ocrx_word' id='word_1_32' title='bbox 1893 1083 1933 1098; x_wconf 89' lang='lat'>-</span> <span class='ocrx_word' id='word_1_33' title='bbox 1965 1041 2012 1114; x_wconf 88' lang='lat' dir='ltr'><strong>si·</strong></span> 
     </span>
     <span class='ocr_line' id='line_1_4' title="bbox 435 1159 2100 1270; baseline -0.005 -25"><span class='ocrx_word' id='word_1_34' title='bbox 435 1170 570 1244; x_wconf 88' lang='lat' dir='ltr'><strong>militer</strong></span> <span class='ocrx_word' id='word_1_35' title='bbox 597 1183 706 1270; x_wconf 88' lang='lat' dir='ltr'><strong>atque</strong></span> <span class='ocrx_word' id='word_1_36' title='bbox 726 1163 874 1255; x_wconf 89' lang='lat' dir='ltr'><strong>Celtae,</strong></span> <span class='ocrx_word' id='word_1_37' title='bbox 906 1165 969 1264; x_wconf 90' lang='lat' dir='ltr'><strong>qui</strong></span> <span class='ocrx_word' id='word_1_38' title='bbox 996 1177 1057 1236; x_wconf 89' lang='lat' dir='ltr'><strong>aut</strong></span> <span class='ocrx_word' id='word_1_39' title='bbox 1083 1165 1121 1236; x_wconf 95' lang='lat' dir='ltr'><strong>in</strong></span> <span class='ocrx_word' id='word_1_40' title='bbox 1147 1171 1218 1253; x_wconf 83' lang='lat' dir='ltr'><strong>tin,</strong></span> <span class='ocrx_word' id='word_1_41' title='bbox 1249 1177 1310 1235; x_wconf 89' lang='lat' dir='ltr'><strong>aut</strong></span> <span class='ocrx_word' id='word_1_42' title='bbox 1328 1163 1375 1266; x_wconf 18' lang='lat' dir='ltr'><strong>„in</strong></span> <span class='ocrx_word' id='word_1_43' title='bbox 1400 1159 1529 1234; x_wconf 80' lang='lat' dir='ltr'><strong>mhuin</strong></span> <span class='ocrx_word' id='word_1_44' title='bbox 1553 1159 1773 1238; x_wconf 84' lang='lat' dir='ltr'><strong>infinitivum</strong></span> <span class='ocrx_word' id='word_1_45' title='bbox 1798 1166 2009 1267; x_wconf 78' lang='lat' dir='ltr'><strong>terminant,</strong></span> <span class='ocrx_word' id='word_1_46' title='bbox 2095 1161 2100 1174; x_wconf 84' lang='lat'><em>&#39;</em></span> 
     </span>
     <span class='ocr_line' id='line_1_5' title="bbox 435 1283 2012 1391; baseline -0.005 -21"><span class='ocrx_word' id='word_1_47' title='bbox 435 1293 519 1371; x_wconf 93' lang='lat' dir='ltr'><strong>Indi</strong></span> <span class='ocrx_word' id='word_1_48' title='bbox 553 1292 760 1391; x_wconf 81' lang='lat' dir='ltr'><strong>Graecique</strong></span> <span class='ocrx_word' id='word_1_49' title='bbox 793 1287 849 1360; x_wconf 92' lang='lat' dir='ltr'><strong>illi</strong></span> <span class='ocrx_word' id='word_1_50' title='bbox 881 1284 993 1360; x_wconf 91' lang='lat' dir='ltr'><strong>medii</strong></span> <span class='ocrx_word' id='word_1_51' title='bbox 1026 1288 1323 1388; x_wconf 80' lang='lat' dir='ltr'><strong>participiorum,</strong></span> <span class='ocrx_word' id='word_1_52' title='bbox 1362 1284 1402 1358; x_wconf 93' lang='lat' dir='ltr'><strong>hi</strong></span> <span class='ocrx_word' id='word_1_53' title='bbox 1433 1283 1695 1358; x_wconf 85' lang='lat' dir='ltr'><strong>infinitirorum</strong></span> <span class='ocrx_word' id='word_1_54' title='bbox 1729 1283 1818 1361; x_wconf 88' lang='lat' dir='ltr'><strong>duas</strong></span> <span class='ocrx_word' id='word_1_55' title='bbox 1849 1285 1934 1362; x_wconf 89' lang='lat' dir='ltr'><strong>inde</strong></span> <span class='ocrx_word' id='word_1_56' title='bbox 1966 1289 2012 1362; x_wconf 91' lang='lat' dir='ltr'><strong>ab</strong></span> 
     </span>
     <span class='ocr_line' id='line_1_6' title="bbox 434 1407 2012 1501; baseline -0.005 -7"><span class='ocrx_word' id='word_1_57' title='bbox 434 1422 540 1494; x_wconf 88' lang='lat' dir='ltr'><strong>initio</strong></span> <span class='ocrx_word' id='word_1_58' title='bbox 571 1415 767 1488; x_wconf 84' lang='lat' dir='ltr'><strong>habuerint</strong></span> <span class='ocrx_word' id='word_1_59' title='bbox 792 1414 1087 1501; x_wconf 81' lang='lat' dir='ltr'><strong>terminationes,</strong></span> <span class='ocrx_word' id='word_1_60' title='bbox 1121 1409 1307 1484; x_wconf 85' lang='lat' dir='ltr'><strong>alteram</strong></span> <span class='ocrx_word' id='word_1_61' title='bbox 1332 1411 1386 1484; x_wconf 92' lang='lat' dir='ltr'><strong>ab</strong></span> <span class='ocrx_word' id='word_1_62' title='bbox 1412 1435 1469 1501; x_wconf 87' lang='lat' dir='ltr'><strong>m,</strong></span> <span class='ocrx_word' id='word_1_63' title='bbox 1505 1407 1692 1484; x_wconf 84' lang='lat' dir='ltr'><strong>alteram</strong></span> <span class='ocrx_word' id='word_1_64' title='bbox 1724 1437 1744 1484; x_wconf 88' lang='lat' dir='ltr'><strong>a</strong></span> <span class='ocrx_word' id='word_1_65' title='bbox 1770 1411 1922 1488; x_wconf 85' lang='lat' dir='ltr'><strong>vocali</strong></span> <span class='ocrx_word' id='word_1_66' title='bbox 1947 1416 2012 1486; x_wconf 90' lang='lat' dir='ltr'><strong>in·</strong></span> 
     </span>
    </p>
   </div>
   <div class='ocr_carea' id='block_1_2' title="bbox 435 1533 2014 1767">
    <p class='ocr_par' dir='ltr' id='par_1_2' title="bbox 435 1533 2014 1767">
     <span class='ocr_line' id='line_1_7' title="bbox 435 1533 2013 1647; baseline -0.007 -27"><span class='ocrx_word' id='word_1_67' title='bbox 435 1546 697 1647; x_wconf 89' lang='lat' dir='ltr'><strong>cipientem.</strong></span> <span class='ocrx_word' id='word_1_68' title='bbox 753 1534 886 1611; x_wconf 90' lang='lat' dir='ltr'><strong>Graeci</strong></span> <span class='ocrx_word' id='word_1_69' title='bbox 916 1533 1085 1609; x_wconf 85' lang='lat' dir='ltr'><strong>infinitivi</strong></span> <span class='ocrx_word' id='word_1_70' title='bbox 1117 1549 1238 1608; x_wconf 85' lang='lat' dir='ltr'><strong>autem</strong></span> <span class='ocrx_word' id='word_1_71' title='bbox 1271 1559 1492 1636; x_wconf 91' lang='lat' dir='ltr'><strong>quamquam</strong></span> <span class='ocrx_word' id='word_1_72' title='bbox 1525 1534 1664 1608; x_wconf 87' lang='lat' dir='ltr'><strong>formae</strong></span> <span class='ocrx_word' id='word_1_73' title='bbox 1692 1561 1796 1610; x_wconf 89' lang='lat' dir='ltr'><strong>causa</strong></span> <span class='ocrx_word' id='word_1_74' title='bbox 1823 1534 2013 1611; x_wconf 87' lang='lat' dir='ltr'><strong>Sanscritis</strong></span> 
     </span>
     <span class='ocr_line' id='line_1_8' title="bbox 437 1655 2014 1767; baseline -0.005 -24"><span class='ocrx_word' id='word_1_75' title='bbox 437 1665 550 1743; x_wconf 92' lang='lat' dir='ltr'><strong>medii</strong></span> <span class='ocrx_word' id='word_1_76' title='bbox 575 1661 775 1767; x_wconf 88' lang='lat' dir='ltr'><strong>participiis</strong></span> <span class='ocrx_word' id='word_1_77' title='bbox 801 1663 840 1766; x_wconf 90' lang='lat' dir='ltr'><strong>in</strong></span> <span class='ocrx_word' id='word_1_78' title='bbox 866 1659 954 1758; x_wconf 71' lang='lat' dir='ltr'><strong>cino</strong></span> <span class='ocrx_word' id='word_1_79' title='bbox 980 1673 1017 1734; x_wconf 89' lang='lat' dir='ltr'><strong>et</strong></span> <span class='ocrx_word' id='word_1_80' title='bbox 1042 1655 1172 1732; x_wconf 78' lang='lat' dir='ltr'><strong>mdno&#39;</strong></span> <span class='ocrx_word' id='word_1_81' title='bbox 1198 1661 1402 1762; x_wconf 89' lang='lat' dir='ltr'><strong>comparari</strong></span> <span class='ocrx_word' id='word_1_82' title='bbox 1427 1674 1594 1760; x_wconf 84' lang='lat' dir='ltr'><strong>possunt,</strong></span> <span class='ocrx_word' id='word_1_83' title='bbox 1624 1674 1746 1733; x_wconf 78' lang='lat' dir='ltr'><strong>tamma</strong></span> <span class='ocrx_word' id='word_1_84' title='bbox 1771 1685 1847 1734; x_wconf 93' lang='lat' dir='ltr'><strong>non</strong></span> <span class='ocrx_word' id='word_1_85' title='bbox 1865 1677 1907 1734; x_wconf 90' lang='lat' dir='ltr'><strong>ut</strong></span> <span class='ocrx_word' id='word_1_86' title='bbox 1922 1659 2014 1735; x_wconf 87' lang='lat' dir='ltr'><strong>haec</strong></span> 
     </span>
    </p>
   </div>
   <div class='ocr_carea' id='block_1_3' title="bbox 317 1781 2013 1889">
    <p class='ocr_par' dir='ltr' id='par_1_3' title="bbox 317 1781 2013 1889">
     <span class='ocr_line' id='line_1_9' title="bbox 317 1781 2013 1889; baseline -0.005 -22"><span class='ocrx_word' id='word_1_87' title='bbox 317 1789 320 1795; x_wconf 70' lang='grc'><strong>’</strong></span> <span class='ocrx_word' id='word_1_88' title='bbox 435 1794 507 1866; x_wconf 85' lang='lat' dir='ltr'><strong>suis</strong></span> <span class='ocrx_word' id='word_1_89' title='bbox 532 1802 688 1889; x_wconf 89' lang='lat' dir='ltr'><strong>utraque</strong></span> <span class='ocrx_word' id='word_1_90' title='bbox 712 1783 848 1858; x_wconf 88' lang='lat' dir='ltr'><strong>finibus</strong></span> <span class='ocrx_word' id='word_1_91' title='bbox 875 1785 1168 1883; x_wconf 87' lang='lat' dir='ltr'><strong>circumscriptae</strong></span> <span class='ocrx_word' id='word_1_92' title='bbox 1194 1799 1291 1858; x_wconf 90' lang='lat' dir='ltr'><strong>sunt.</strong></span> <span class='ocrx_word' id='word_1_93' title='bbox 1337 1781 1476 1857; x_wconf 88' lang='lat' dir='ltr'><strong>Verum</strong></span> <span class='ocrx_word' id='word_1_94' title='bbox 1502 1786 1754 1885; x_wconf 88' lang='lat' dir='ltr'><strong>antiquissimo</strong></span> <span class='ocrx_word' id='word_1_95' title='bbox 1780 1800 1948 1888; x_wconf 89' lang='lat' dir='ltr'><strong>tempore</strong></span> <span class='ocrx_word' id='word_1_96' title='bbox 1974 1788 2013 1858; x_wconf 89' lang='lat' dir='ltr'><strong>in</strong></span> 
     </span>
    </p>
   </div>
   <div class='ocr_carea' id='block_1_4' title="bbox 431 1904 2110 4619">
    <p class='ocr_par' dir='ltr' id='par_1_4' title="bbox 431 1904 2110 4619">
     <span class='ocr_line' id='line_1_10' title="bbox 435 1904 2013 2011; baseline -0.006 -22"><span class='ocrx_word' id='word_1_97' title='bbox 435 1913 605 1990; x_wconf 91' lang='lat' dir='ltr'><strong>omnibus</strong></span> <span class='ocrx_word' id='word_1_98' title='bbox 630 1909 830 2002; x_wconf 81' lang='lat' dir='ltr'><strong>infinitivis,</strong></span> <span class='ocrx_word' id='word_1_99' title='bbox 860 1911 890 1982; x_wconf 91' lang='lat' dir='ltr'><strong>si</strong></span> <span class='ocrx_word' id='word_1_100' title='bbox 915 1933 979 1982; x_wconf 88' lang='lat' dir='ltr'><strong>eos</strong></span> <span class='ocrx_word' id='word_1_101' title='bbox 1006 1910 1193 2009; x_wconf 84' lang='lat' dir='ltr'><strong>exceperis</strong></span> <span class='ocrx_word' id='word_1_102' title='bbox 1220 1911 1349 2011; x_wconf 91' lang='lat' dir='ltr'><strong>quiin</strong></span> <span class='ocrx_word' id='word_1_103' title='bbox 1375 1904 1466 1981; x_wconf 87' lang='grc' dir='ltr'>σθαι</span> <span class='ocrx_word' id='word_1_104' title='bbox 1493 1923 1530 1981; x_wconf 90' lang='lat' dir='ltr'><strong>et</strong></span> <span class='ocrx_word' id='word_1_105' title='bbox 1555 1935 1590 1979; x_wconf 89' lang='grc' dir='ltr'><strong>αι</strong></span> <span class='ocrx_word' id='word_1_106' title='bbox 1616 1923 1762 1999; x_wconf 83' lang='lat' dir='ltr'><strong>exeunt,</strong></span> <span class='ocrx_word' id='word_1_107' title='bbox 1792 1935 1885 1998; x_wconf 83' lang='grc' dir='ltr'>μεναι</span> <span class='ocrx_word' id='word_1_108' title='bbox 1903 1925 1940 1983; x_wconf 90' lang='lat' dir='ltr'><strong>et</strong></span> <span class='ocrx_word' id='word_1_109' title='bbox 1956 1935 2013 2000; x_wconf 87' lang='grc' dir='ltr'><strong>μεν</strong></span> 
     </span>
     <span class='ocr_line' id='line_1_11' title="bbox 433 2023 2013 2136; baseline -0.008 -24"><span class='ocrx_word' id='word_1_110' title='bbox 433 2039 680 2128; x_wconf 84' lang='lat' dir='ltr'><strong>inveniuntur,</strong></span> <span class='ocrx_word' id='word_1_111' title='bbox 711 2059 906 2136; x_wconf 88' lang='lat' dir='ltr'><strong>quaecum</strong></span> <span class='ocrx_word' id='word_1_112' title='bbox 923 2031 1076 2134; x_wconf 78' lang='lat' dir='ltr'><strong>vulgatis</strong></span> <span class='ocrx_word' id='word_1_113' title='bbox 1102 2059 1178 2114; x_wconf 84' lang='grc' dir='ltr'>εναι,</span> <span class='ocrx_word' id='word_1_114' title='bbox 1206 2059 1265 2113; x_wconf 90' lang='grc' dir='ltr'>ναι,</span> <span class='ocrx_word' id='word_1_115' title='bbox 1292 2059 1333 2103; x_wconf 85' lang='grc' dir='ltr'><strong>ειν</strong></span> <span class='ocrx_word' id='word_1_116' title='bbox 1360 2030 1560 2106; x_wconf 84' lang='lat' dir='ltr'><strong>alternant:</strong></span> <span class='ocrx_word' id='word_1_117' title='bbox 1590 2023 1818 2131; x_wconf 81' lang='grc' dir='ltr'>ἀνιανέμεν(αι),</span> <span class='ocrx_word' id='word_1_118' title='bbox 1845 2023 2013 2134; x_wconf 59' lang='lat' dir='ltr'><strong>iberum),</strong></span> 
     </span>
     <span class='ocr_line' id='line_1_12' title="bbox 433 2141 2014 2264; baseline -0.003 -29"><span class='ocrx_word' id='word_1_119' title='bbox 433 2154 630 2264; x_wconf 79' lang='grc' dir='ltr'>ἀξέμεν(αι),</span> <span class='ocrx_word' id='word_1_120' title='bbox 656 2149 899 2258; x_wconf 52' lang='lat' dir='ltr'><strong>sedulusque),</strong></span> <span class='ocrx_word' id='word_1_121' title='bbox 925 2148 1126 2255; x_wconf 80' lang='grc' dir='ltr'>εἷπέμεν(αι),</span> <span class='ocrx_word' id='word_1_122' title='bbox 1145 2141 1362 2254; x_wconf 52' lang='lat' dir='ltr'><strong>meipsum),</strong></span> <span class='ocrx_word' id='word_1_123' title='bbox 1379 2151 1737 2255; x_wconf 67' lang='lat' dir='ltr'><strong>iporediper(ar)²³⁰).</strong></span> <span class='ocrx_word' id='word_1_124' title='bbox 1778 2154 1911 2262; x_wconf 86' lang='lat' dir='ltr'><strong>Postea</strong></span> <span class='ocrx_word' id='word_1_125' title='bbox 1929 2158 2014 2231; x_wconf 89' lang='lat' dir='ltr'><strong>bre-</strong></span> 
     </span>
     <span class='ocr_line' id='line_1_13' title="bbox 433 2276 2106 2384; baseline -0.005 -22"><span class='ocrx_word' id='word_1_126' title='bbox 433 2289 553 2363; x_wconf 80' lang='lat' dir='ltr'><strong>viores</strong></span> <span class='ocrx_word' id='word_1_127' title='bbox 578 2287 853 2360; x_wconf 88' lang='lat' dir='ltr'><strong>terminationes</strong></span> <span class='ocrx_word' id='word_1_128' title='bbox 878 2283 978 2379; x_wconf 86' lang='grc' dir='ltr'>(εναι,</span> <span class='ocrx_word' id='word_1_129' title='bbox 1005 2307 1065 2363; x_wconf 85' lang='grc' dir='ltr'>ειν,</span> <span class='ocrx_word' id='word_1_130' title='bbox 1093 2283 1157 2379; x_wconf 86' lang='grc' dir='ltr'>ναι)</span> <span class='ocrx_word' id='word_1_131' title='bbox 1185 2276 1278 2354; x_wconf 89' lang='lat' dir='ltr'><strong>adeo</strong></span> <span class='ocrx_word' id='word_1_132' title='bbox 1305 2279 1424 2353; x_wconf 90' lang='lat' dir='ltr'><strong>illisa</strong></span> <span class='ocrx_word' id='word_1_133' title='bbox 1450 2305 1477 2369; x_wconf 89' lang='grc' dir='ltr'>μ</span> <span class='ocrx_word' id='word_1_134' title='bbox 1502 2281 1760 2381; x_wconf 88' lang='lat' dir='ltr'><strong>incipientibus</strong></span> <span class='ocrx_word' id='word_1_135' title='bbox 1787 2284 2013 2384; x_wconf 87' lang='lat' dir='ltr'><strong>antepositae</strong></span> <span class='ocrx_word' id='word_1_136' title='bbox 2097 2297 2106 2310; x_wconf 88' lang='grc'><em>·</em></span> 
     </span>
     <span class='ocr_line' id='line_1_14' title="bbox 433 2401 2013 2510; baseline -0.004 -25"><span class='ocrx_word' id='word_1_137' title='bbox 433 2425 533 2501; x_wconf 88' lang='lat' dir='ltr'><strong>sunt,</strong></span> <span class='ocrx_word' id='word_1_138' title='bbox 560 2423 603 2483; x_wconf 90' lang='lat' dir='ltr'><strong>ut</strong></span> <span class='ocrx_word' id='word_1_139' title='bbox 619 2411 679 2483; x_wconf 85' lang='lat' dir='ltr'><strong>vix</strong></span> <span class='ocrx_word' id='word_1_140' title='bbox 704 2409 853 2510; x_wconf 84' lang='lat' dir='ltr'><strong>vestigia</strong></span> <span class='ocrx_word' id='word_1_141' title='bbox 880 2431 1005 2480; x_wconf 89' lang='lat' dir='ltr'><strong>earum</strong></span> <span class='ocrx_word' id='word_1_142' title='bbox 1030 2408 1070 2478; x_wconf 92' lang='lat' dir='ltr'><strong>in</strong></span> <span class='ocrx_word' id='word_1_143' title='bbox 1095 2407 1233 2480; x_wconf 88' lang='lat' dir='ltr'><strong>seriore</strong></span> <span class='ocrx_word' id='word_1_144' title='bbox 1247 2402 1455 2478; x_wconf 89' lang='lat' dir='ltr'><strong>Graecitate</strong></span> <span class='ocrx_word' id='word_1_145' title='bbox 1470 2401 1779 2505; x_wconf 89' lang='lat' dir='ltr'><strong>relinquerentur.</strong></span> <span class='ocrx_word' id='word_1_146' title='bbox 1819 2403 1899 2479; x_wconf 88' lang='lat' dir='ltr'><strong>Nec</strong></span> <span class='ocrx_word' id='word_1_147' title='bbox 1919 2420 2013 2508; x_wconf 90' lang='lat' dir='ltr'><strong>puto</strong></span> 
     </span>
     <span class='ocr_line' id='line_1_15' title="bbox 431 2529 2013 2628; baseline -0.004 -20"><span class='ocrx_word' id='word_1_148' title='bbox 431 2537 471 2610; x_wconf 92' lang='lat' dir='ltr'><strong>in</strong></span> <span class='ocrx_word' id='word_1_149' title='bbox 496 2533 651 2608; x_wconf 91' lang='lat' dir='ltr'><strong>Homeri</strong></span> <span class='ocrx_word' id='word_1_150' title='bbox 676 2531 896 2606; x_wconf 90' lang='lat' dir='ltr'><strong>carminibus</strong></span> <span class='ocrx_word' id='word_1_151' title='bbox 921 2529 1035 2603; x_wconf 92' lang='lat' dir='ltr'><strong>ullam</strong></span> <span class='ocrx_word' id='word_1_152' title='bbox 1062 2545 1199 2603; x_wconf 89' lang='lat' dir='ltr'><strong>certam</strong></span> <span class='ocrx_word' id='word_1_153' title='bbox 1223 2531 1404 2603; x_wconf 90' lang='lat' dir='ltr'><strong>rationem</strong></span> <span class='ocrx_word' id='word_1_154' title='bbox 1430 2529 1585 2604; x_wconf 75' lang='lat' dir='ltr'><strong>inveniri</strong></span> <span class='ocrx_word' id='word_1_155' title='bbox 1603 2553 1725 2628; x_wconf 89' lang='lat' dir='ltr'><strong>posse,</strong></span> <span class='ocrx_word' id='word_1_156' title='bbox 1754 2556 1821 2603; x_wconf 90' lang='lat' dir='ltr'><strong>cur</strong></span> <span class='ocrx_word' id='word_1_157' title='bbox 1835 2529 1909 2604; x_wconf 92' lang='lat' dir='ltr'><strong>hoc</strong></span> <span class='ocrx_word' id='word_1_158' title='bbox 1926 2529 2013 2604; x_wconf 88' lang='lat' dir='ltr'><strong>loco</strong></span> 
     </span>
     <span class='ocr_line' id='line_1_16' title="bbox 432 2647 2012 2754; baseline -0.001 -25"><span class='ocrx_word' id='word_1_159' title='bbox 432 2685 541 2750; x_wconf 85' lang='grc' dir='ltr'>μεναι,</span> <span class='ocrx_word' id='word_1_160' title='bbox 574 2683 649 2745; x_wconf 82' lang='grc' dir='ltr'>μεν,</span> <span class='ocrx_word' id='word_1_161' title='bbox 673 2655 739 2728; x_wconf 93' lang='lat' dir='ltr'><strong>illo</strong></span> <span class='ocrx_word' id='word_1_162' title='bbox 766 2681 825 2735; x_wconf 86' lang='grc' dir='ltr'>ειν,</span> <span class='ocrx_word' id='word_1_163' title='bbox 852 2681 902 2724; x_wconf 92' lang='grc' dir='ltr'><strong>ναι</strong></span> <span class='ocrx_word' id='word_1_164' title='bbox 926 2654 1099 2754; x_wconf 85' lang='lat' dir='ltr'><strong>posuerit</strong></span> <span class='ocrx_word' id='word_1_165' title='bbox 1150 2653 1218 2725; x_wconf 87' lang='lat' dir='ltr'><strong>Est</strong></span> <span class='ocrx_word' id='word_1_166' title='bbox 1242 2651 1444 2724; x_wconf 83' lang='lat' dir='ltr'><strong>formarum</strong></span> <span class='ocrx_word' id='word_1_167' title='bbox 1469 2647 1691 2724; x_wconf 88' lang='lat' dir='ltr'><strong>abundantia</strong></span> <span class='ocrx_word' id='word_1_168' title='bbox 1718 2651 1915 2754; x_wconf 87' lang='lat' dir='ltr'><strong>quaedam,</strong></span> <span class='ocrx_word' id='word_1_169' title='bbox 1949 2679 2012 2728; x_wconf 87' lang='lat' dir='ltr'><strong>an-</strong></span> 
     </span>
     <span class='ocr_line' id='line_1_17' title="bbox 432 2774 2012 2883; baseline -0.002 -28"><span class='ocrx_word' id='word_1_170' title='bbox 432 2781 638 2883; x_wconf 89' lang='lat' dir='ltr'><strong>tiquissimo</strong></span> <span class='ocrx_word' id='word_1_171' title='bbox 664 2779 825 2852; x_wconf 88' lang='lat' dir='ltr'><strong>sermoni</strong></span> <span class='ocrx_word' id='word_1_172' title='bbox 859 2779 1014 2850; x_wconf 87' lang='lat' dir='ltr'><strong>maxime</strong></span> <span class='ocrx_word' id='word_1_173' title='bbox 1040 2777 1275 2849; x_wconf 87' lang='lat' dir='ltr'><strong>conveniens.</strong></span> <span class='ocrx_word' id='word_1_174' title='bbox 1318 2774 1448 2878; x_wconf 85' lang='lat' dir='ltr'><strong>Itaque</strong></span> <span class='ocrx_word' id='word_1_175' title='bbox 1467 2800 1580 2876; x_wconf 92' lang='lat' dir='ltr'><strong>quum</strong></span> <span class='ocrx_word' id='word_1_176' title='bbox 1606 2801 1699 2863; x_wconf 86' lang='grc' dir='ltr'>μεναι</span> <span class='ocrx_word' id='word_1_177' title='bbox 1725 2791 1762 2850; x_wconf 90' lang='lat' dir='ltr'><strong>et</strong></span> <span class='ocrx_word' id='word_1_178' title='bbox 1787 2804 1853 2848; x_wconf 87' lang='grc' dir='ltr'>εναι</span> <span class='ocrx_word' id='word_1_179' title='bbox 1877 2801 2012 2880; x_wconf 86' lang='lat' dir='ltr'><strong>aequa·</strong></span> 
     </span>
     <span class='ocr_line' id='line_1_18' title="bbox 431 2887 2059 3005; baseline 0 -27"><span class='ocrx_word' id='word_1_180' title='bbox 431 2903 507 2978; x_wconf 91' lang='lat' dir='ltr'><strong>lem</strong></span> <span class='ocrx_word' id='word_1_181' title='bbox 533 2900 745 3004; x_wconf 82' lang='lat' dir='ltr'><strong>dignitatem</strong></span> <span class='ocrx_word' id='word_1_182' title='bbox 771 2897 948 2990; x_wconf 86' lang='lat' dir='ltr'><strong>babeant,</strong></span> <span class='ocrx_word' id='word_1_183' title='bbox 985 2923 1029 2974; x_wconf 85' lang='lat' dir='ltr'><strong>ex</strong></span> <span class='ocrx_word' id='word_1_184' title='bbox 1061 2925 1228 2990; x_wconf 84' lang='grc' dir='ltr'>μιναι-μεν</span> <span class='ocrx_word' id='word_1_185' title='bbox 1258 2897 1394 2973; x_wconf 84' lang='lat' dir='ltr'><strong>factum</strong></span> <span class='ocrx_word' id='word_1_186' title='bbox 1428 2923 1505 2973; x_wconf 87' lang='lat' dir='ltr'><strong>esse</strong></span> <span class='ocrx_word' id='word_1_187' title='bbox 1536 2899 1619 2972; x_wconf 89' lang='lat' dir='ltr'><strong>satis</strong></span> <span class='ocrx_word' id='word_1_188' title='bbox 1646 2914 1814 3001; x_wconf 89' lang='lat' dir='ltr'><strong>apertum</strong></span> <span class='ocrx_word' id='word_1_189' title='bbox 1838 2917 1893 2976; x_wconf 88' lang='lat' dir='ltr'><strong>est</strong></span> <span class='ocrx_word' id='word_1_190' title='bbox 1919 2927 2012 3005; x_wconf 93' lang='lat' dir='ltr'><strong>quo-</strong></span> <span class='ocrx_word' id='word_1_191' title='bbox 2056 2887 2059 2894; x_wconf 53' lang='grc'><strong>’</strong></span> 
     </span>
     <span class='ocr_line' id='line_1_19' title="bbox 432 3017 2013 3123; baseline -0.002 -21"><span class='ocrx_word' id='word_1_192' title='bbox 432 3031 532 3102; x_wconf 91' lang='lat' dir='ltr'><strong>niam</strong></span> <span class='ocrx_word' id='word_1_193' title='bbox 557 3029 596 3098; x_wconf 94' lang='lat' dir='ltr'><strong>in</strong></span> <span class='ocrx_word' id='word_1_194' title='bbox 621 3021 750 3097; x_wconf 91' lang='lat' dir='ltr'><strong>iisdem</strong></span> <span class='ocrx_word' id='word_1_195' title='bbox 775 3023 896 3099; x_wconf 79' lang='lat' dir='ltr'><strong>verbis</strong></span> <span class='ocrx_word' id='word_1_196' title='bbox 920 3037 1079 3123; x_wconf 88' lang='lat' dir='ltr'><strong>utraque</strong></span> <span class='ocrx_word' id='word_1_197' title='bbox 1110 3025 1320 3097; x_wconf 89' lang='lat' dir='ltr'><strong>terminatio</strong></span> <span class='ocrx_word' id='word_1_198' title='bbox 1355 3021 1523 3099; x_wconf 88' lang='lat' dir='ltr'><strong>fluctuat:</strong></span> <span class='ocrx_word' id='word_1_199' title='bbox 1556 3017 1695 3115; x_wconf 81' lang='grc' dir='ltr'>θέμεναι</span> <span class='ocrx_word' id='word_1_200' title='bbox 1709 3067 1723 3082; x_wconf 91' lang='grc'><strong>-</strong></span> <span class='ocrx_word' id='word_1_201' title='bbox 1737 3021 1860 3114; x_wconf 81' lang='grc' dir='ltr'>θέμεν,</span> <span class='ocrx_word' id='word_1_202' title='bbox 1892 3020 2013 3116; x_wconf 77' lang='grc' dir='ltr'>ἴμεναι-</span> 
     </span>
     <span class='ocr_line' id='line_1_20' title="bbox 433 3139 2069 3254; baseline 0.001 -31"><span class='ocrx_word' id='word_1_203' title='bbox 433 3146 519 3242; x_wconf 75' lang='lat' dir='ltr'><strong>iper,</strong></span> <span class='ocrx_word' id='word_1_204' title='bbox 552 3139 923 3236; x_wconf 74' lang='grc' dir='ltr'>ἀκουέμεναι-ἀκουέμεν.</span> <span class='ocrx_word' id='word_1_205' title='bbox 964 3141 1077 3239; x_wconf 89' lang='lat' dir='ltr'><strong>Quod</strong></span> <span class='ocrx_word' id='word_1_206' title='bbox 1104 3148 1223 3219; x_wconf 87' lang='lat' dir='ltr'><strong>minus</strong></span> <span class='ocrx_word' id='word_1_207' title='bbox 1249 3145 1388 3220; x_wconf 88' lang='lat' dir='ltr'><strong>clarum</strong></span> <span class='ocrx_word' id='word_1_208' title='bbox 1415 3162 1471 3221; x_wconf 88' lang='lat' dir='ltr'><strong>est</strong></span> <span class='ocrx_word' id='word_1_209' title='bbox 1495 3145 1542 3221; x_wconf 93' lang='lat' dir='ltr'><strong>de</strong></span> <span class='ocrx_word' id='word_1_210' title='bbox 1572 3175 1655 3230; x_wconf 84' lang='grc' dir='ltr'>εναι,</span> <span class='ocrx_word' id='word_1_211' title='bbox 1687 3174 1741 3221; x_wconf 79' lang='grc' dir='ltr'>ειν.</span> <span class='ocrx_word' id='word_1_212' title='bbox 1790 3146 1888 3224; x_wconf 91' lang='lat' dir='ltr'><strong>Nam</strong></span> <span class='ocrx_word' id='word_1_213' title='bbox 1914 3149 2012 3254; x_wconf 85' lang='lat' dir='ltr'><strong>apud</strong></span> <span class='ocrx_word' id='word_1_214' title='bbox 2061 3147 2069 3172; x_wconf 43' lang='lat' dir='ltr'><strong>i</strong></span> 
     </span>
     <span class='ocr_line' id='line_1_21' title="bbox 432 3261 2010 3374; baseline -0.003 -22"><span class='ocrx_word' id='word_1_215' title='bbox 432 3275 635 3354; x_wconf 88' lang='lat' dir='ltr'><strong>Homerum</strong></span> <span class='ocrx_word' id='word_1_216' title='bbox 662 3267 812 3374; x_wconf 88' lang='lat' dir='ltr'><strong>quidem</strong></span> <span class='ocrx_word' id='word_1_217' title='bbox 838 3261 968 3358; x_wconf 76' lang='grc' dir='ltr'>λεγὲναι</span> <span class='ocrx_word' id='word_1_218' title='bbox 992 3267 1053 3344; x_wconf 82' lang='lat' dir='ltr'><strong>vel</strong></span> <span class='ocrx_word' id='word_1_219' title='bbox 1077 3267 1151 3342; x_wconf 87' lang='lat' dir='ltr'><strong>tale</strong></span> <span class='ocrx_word' id='word_1_220' title='bbox 1178 3266 1282 3370; x_wconf 92' lang='lat' dir='ltr'><strong>quid,</strong></span> <span class='ocrx_word' id='word_1_221' title='bbox 1310 3267 1410 3343; x_wconf 89' lang='lat' dir='ltr'><strong>unde</strong></span> <span class='ocrx_word' id='word_1_222' title='bbox 1427 3273 1587 3373; x_wconf 91' lang='lat' dir='ltr'><strong>primum</strong></span> <span class='ocrx_word' id='word_1_223' title='bbox 1603 3269 1712 3364; x_wconf 78' lang='grc' dir='ltr'>λέγεν,</span> <span class='ocrx_word' id='word_1_224' title='bbox 1740 3271 1918 3348; x_wconf 90' lang='lat' dir='ltr'><strong>Doricam</strong></span> <span class='ocrx_word' id='word_1_225' title='bbox 1934 3273 2010 3348; x_wconf 85' lang='lat' dir='ltr'><strong>for·</strong></span> 
     </span>
     <span class='ocr_line' id='line_1_22' title="bbox 432 3371 2010 3498; baseline -0.001 -25"><span class='ocrx_word' id='word_1_226' title='bbox 432 3425 542 3488; x_wconf 88' lang='lat' dir='ltr'><strong>mam,</strong></span> <span class='ocrx_word' id='word_1_227' title='bbox 572 3391 719 3485; x_wconf 92' lang='lat' dir='ltr'><strong>deinde,</strong></span> <span class='ocrx_word' id='word_1_228' title='bbox 748 3389 929 3495; x_wconf 88' lang='lat' dir='ltr'><strong>producta</strong></span> <span class='ocrx_word' id='word_1_229' title='bbox 952 3391 1085 3482; x_wconf 85' lang='lat' dir='ltr'><strong>vocali,</strong></span> <span class='ocrx_word' id='word_1_230' title='bbox 1114 3384 1221 3479; x_wconf 73' lang='grc' dir='ltr'>λὲγειν</span> <span class='ocrx_word' id='word_1_231' title='bbox 1238 3392 1373 3467; x_wconf 85' lang='lat' dir='ltr'><strong>sactum</strong></span> <span class='ocrx_word' id='word_1_232' title='bbox 1397 3419 1474 3470; x_wconf 87' lang='lat' dir='ltr'><strong>esse</strong></span> <span class='ocrx_word' id='word_1_233' title='bbox 1495 3395 1599 3488; x_wconf 83' lang='lat' dir='ltr'><strong>velis,</strong></span> <span class='ocrx_word' id='word_1_234' title='bbox 1627 3421 1705 3470; x_wconf 90' lang='lat' dir='ltr'><strong>non</strong></span> <span class='ocrx_word' id='word_1_235' title='bbox 1728 3371 1874 3498; x_wconf 82' lang='lat' dir='ltr'><strong>legitur.</strong></span> <span class='ocrx_word' id='word_1_236' title='bbox 1916 3394 2010 3472; x_wconf 91' lang='lat' dir='ltr'><strong>Sim-</strong></span> 
     </span>
     <span class='ocr_line' id='line_1_23' title="bbox 432 3512 2010 3628; baseline -0.001 -32"><span class='ocrx_word' id='word_1_237' title='bbox 432 3523 565 3628; x_wconf 88' lang='lat' dir='ltr'><strong>plicius</strong></span> <span class='ocrx_word' id='word_1_238' title='bbox 595 3533 716 3592; x_wconf 90' lang='lat' dir='ltr'><strong>autem</strong></span> <span class='ocrx_word' id='word_1_239' title='bbox 742 3541 787 3590; x_wconf 87' lang='lat' dir='ltr'><strong>ex</strong></span> <span class='ocrx_word' id='word_1_240' title='bbox 811 3512 1029 3590; x_wconf 88' lang='lat' dir='ltr'><strong>Parmenide</strong></span> <span class='ocrx_word' id='word_1_241' title='bbox 1056 3513 1149 3590; x_wconf 91' lang='lat' dir='ltr'><strong>duos</strong></span> <span class='ocrx_word' id='word_1_242' title='bbox 1180 3516 1289 3591; x_wconf 89' lang='lat' dir='ltr'><strong>nobis</strong></span> <span class='ocrx_word' id='word_1_243' title='bbox 1314 3523 1638 3626; x_wconf 57' lang='lat' dir='ltr'><strong>versusserrsvit,</strong></span> <span class='ocrx_word' id='word_1_244' title='bbox 1675 3524 1714 3594; x_wconf 94' lang='lat' dir='ltr'><strong>in</strong></span> <span class='ocrx_word' id='word_1_245' title='bbox 1747 3522 1880 3623; x_wconf 90' lang='lat' dir='ltr'><strong>quibus</strong></span> <span class='ocrx_word' id='word_1_246' title='bbox 1913 3516 2010 3595; x_wconf 77' lang='grc' dir='ltr'>πελέ-</span> 
     </span>
     <span class='ocr_line' id='line_1_24' title="bbox 433 3629 2009 3748; baseline -0.001 -28"><span class='ocrx_word' id='word_1_247' title='bbox 433 3675 483 3720; x_wconf 90' lang='grc' dir='ltr'><strong>ναι</strong></span> <span class='ocrx_word' id='word_1_248' title='bbox 507 3644 641 3748; x_wconf 79' lang='lat' dir='ltr'><strong>legitur</strong></span> <span class='ocrx_word' id='word_1_249' title='bbox 672 3664 742 3744; x_wconf 91' lang='lat' dir='ltr'><strong>pro</strong></span> <span class='ocrx_word' id='word_1_250' title='bbox 768 3638 908 3741; x_wconf 82' lang='lat' dir='ltr'><strong>vulgari</strong></span> <span class='ocrx_word' id='word_1_251' title='bbox 933 3633 1040 3711; x_wconf 80' lang='grc' dir='ltr'><strong><em>πέλειν</em></strong></span> <span class='ocrx_word' id='word_1_252' title='bbox 1055 3637 1132 3740; x_wconf 86' lang='lat'><strong>²³¹).</strong></span> <span class='ocrx_word' id='word_1_253' title='bbox 1189 3638 1279 3715; x_wconf 86' lang='lat' dir='ltr'><strong>Sera</strong></span> <span class='ocrx_word' id='word_1_254' title='bbox 1316 3640 1466 3744; x_wconf 92' lang='lat' dir='ltr'><strong>quidem</strong></span> <span class='ocrx_word' id='word_1_255' title='bbox 1504 3647 1719 3719; x_wconf 86' lang='lat' dir='ltr'><strong>auctoritate</strong></span> <span class='ocrx_word' id='word_1_256' title='bbox 1752 3629 1919 3720; x_wconf 87' lang='lat' dir='ltr'><strong>nituntur</strong></span> <span class='ocrx_word' id='word_1_257' title='bbox 1944 3673 2009 3736; x_wconf 89' lang='grc' dir='ltr'><strong>μα-</strong></span> 
     </span>
     <span class='ocr_line' id='line_1_25' title="bbox 432 3761 2010 3872; baseline 0.001 -30"><span class='ocrx_word' id='word_1_258' title='bbox 432 3767 544 3842; x_wconf 80' lang='grc' dir='ltr'>θεῒναι</span> <span class='ocrx_word' id='word_1_259' title='bbox 573 3783 611 3842; x_wconf 87' lang='lat' dir='ltr'><strong>et</strong></span> <span class='ocrx_word' id='word_1_260' title='bbox 643 3768 787 3838; x_wconf 76' lang='grc' dir='ltr'>καλεῒναι</span> <span class='ocrx_word' id='word_1_261' title='bbox 817 3789 887 3868; x_wconf 91' lang='lat' dir='ltr'><strong>pro</strong></span> <span class='ocrx_word' id='word_1_262' title='bbox 920 3761 1128 3865; x_wconf 78' lang='lat' dir='ltr'><strong>vulgaribus</strong></span> <span class='ocrx_word' id='word_1_263' title='bbox 1146 3761 1279 3872; x_wconf 32' lang='grc' dir='ltr'>,μαθεῖν</span> <span class='ocrx_word' id='word_1_264' title='bbox 1312 3782 1349 3840; x_wconf 91' lang='lat' dir='ltr'><strong>et</strong></span> <span class='ocrx_word' id='word_1_265' title='bbox 1382 3771 1510 3851; x_wconf 78' lang='grc' dir='ltr'>καλεῖν,</span> <span class='ocrx_word' id='word_1_266' title='bbox 1542 3767 1606 3842; x_wconf 87' lang='lat' dir='ltr'><strong>sed</strong></span> <span class='ocrx_word' id='word_1_267' title='bbox 1638 3784 1736 3844; x_wconf 89' lang='lat' dir='ltr'><strong>recte</strong></span> <span class='ocrx_word' id='word_1_268' title='bbox 1767 3767 2010 3844; x_wconf 85' lang='lat' dir='ltr'><strong>Buttmannus</strong></span> 
     </span>
     <span class='ocr_line' id='line_1_26' title="bbox 433 3887 2010 3995; baseline 0.001 -28"><span class='ocrx_word' id='word_1_269' title='bbox 433 3894 476 3995; x_wconf 90' lang='lat' dir='ltr'><strong>(l.</strong></span> <span class='ocrx_word' id='word_1_270' title='bbox 505 3895 558 3994; x_wconf 86' lang='lat' dir='ltr'><strong>c.)</strong></span> <span class='ocrx_word' id='word_1_271' title='bbox 583 3892 798 3991; x_wconf 87' lang='lat' dir='ltr'><strong>suspicatur,</strong></span> <span class='ocrx_word' id='word_1_272' title='bbox 828 3887 919 3961; x_wconf 88' lang='lat' dir='ltr'><strong>haec</strong></span> <span class='ocrx_word' id='word_1_273' title='bbox 945 3912 990 3962; x_wconf 86' lang='lat' dir='ltr'><strong>ex</strong></span> <span class='ocrx_word' id='word_1_274' title='bbox 1013 3887 1113 3990; x_wconf 79' lang='lat' dir='ltr'><strong>vulgi</strong></span> <span class='ocrx_word' id='word_1_275' title='bbox 1139 3888 1289 3992; x_wconf 86' lang='lat' dir='ltr'><strong>loquela</strong></span> <span class='ocrx_word' id='word_1_276' title='bbox 1316 3891 1355 3964; x_wconf 95' lang='lat' dir='ltr'><strong>in</strong></span> <span class='ocrx_word' id='word_1_277' title='bbox 1379 3891 1495 3967; x_wconf 92' lang='lat' dir='ltr'><strong>libros</strong></span> <span class='ocrx_word' id='word_1_278' title='bbox 1521 3895 1658 3968; x_wconf 85' lang='lat' dir='ltr'><strong>intrusa</strong></span> <span class='ocrx_word' id='word_1_279' title='bbox 1684 3917 1774 3968; x_wconf 87' lang='lat' dir='ltr'><strong>esse.</strong></span> <span class='ocrx_word' id='word_1_280' title='bbox 1822 3891 1920 3966; x_wconf 90' lang='lat' dir='ltr'><strong>Tum</strong></span> <span class='ocrx_word' id='word_1_281' title='bbox 1932 3891 2010 3968; x_wconf 87' lang='lat' dir='ltr'><strong>lio-</strong></span> 
     </span>
     <span class='ocr_line' id='line_1_27' title="bbox 432 4000 2010 4125; baseline 0 -33"><span class='ocrx_word' id='word_1_282' title='bbox 432 4041 554 4092; x_wconf 91' lang='lat' dir='ltr'><strong>merus</strong></span> <span class='ocrx_word' id='word_1_283' title='bbox 580 4013 712 4124; x_wconf 68' lang='lat' dir='ltr'><strong>popius</strong></span> <span class='ocrx_word' id='word_1_284' title='bbox 736 4011 850 4086; x_wconf 83' lang='lat' dir='ltr'><strong>babet</strong></span> <span class='ocrx_word' id='word_1_285' title='bbox 875 4010 935 4110; x_wconf 87' lang='lat' dir='ltr'><strong>(ll.</strong></span> <span class='ocrx_word' id='word_1_286' title='bbox 964 4000 1007 4096; x_wconf 77' lang='grc' dir='ltr'><strong>β,</strong></span> <span class='ocrx_word' id='word_1_287' title='bbox 1036 4013 1145 4108; x_wconf 83' lang='grc'><strong>107.;</strong></span> <span class='ocrx_word' id='word_1_288' title='bbox 1181 4043 1218 4101; x_wconf 80' lang='grc' dir='ltr'><strong>η,</strong></span> <span class='ocrx_word' id='word_1_289' title='bbox 1248 4015 1371 4116; x_wconf 74' lang='lat' dir='ltr'><strong>ltu),</strong></span> <span class='ocrx_word' id='word_1_290' title='bbox 1409 4013 1511 4117; x_wconf 92' lang='lat' dir='ltr'><strong>quod</strong></span> <span class='ocrx_word' id='word_1_291' title='bbox 1544 4033 1644 4091; x_wconf 89' lang='lat' dir='ltr'><strong>recte</strong></span> <span class='ocrx_word' id='word_1_292' title='bbox 1670 4014 1767 4092; x_wconf 87' lang='lat' dir='ltr'><strong>idem</strong></span> <span class='ocrx_word' id='word_1_293' title='bbox 1795 4041 1839 4090; x_wconf 86' lang='lat' dir='ltr'><strong>ex</strong></span> <span class='ocrx_word' id='word_1_294' title='bbox 1865 4009 2010 4125; x_wconf 72' lang='grc' dir='ltr'>φορεέιαι</span> 
     </span>
     <span class='ocr_line' id='line_1_28' title="bbox 432 4133 2008 4245; baseline 0.001 -27"><span class='ocrx_word' id='word_1_295' title='bbox 432 4154 658 4218; x_wconf 87' lang='lat' dir='ltr'><strong>contractum</strong></span> <span class='ocrx_word' id='word_1_296' title='bbox 685 4161 762 4212; x_wconf 86' lang='lat' dir='ltr'><strong>esse</strong></span> <span class='ocrx_word' id='word_1_297' title='bbox 788 4133 910 4210; x_wconf 86' lang='lat' dir='ltr'><strong>docet.</strong></span> <span class='ocrx_word' id='word_1_298' title='bbox 966 4134 1137 4232; x_wconf 88' lang='lat' dir='ltr'><strong>Accedit,</strong></span> <span class='ocrx_word' id='word_1_299' title='bbox 1168 4136 1269 4241; x_wconf 88' lang='lat' dir='ltr'><strong>quod</strong></span> <span class='ocrx_word' id='word_1_300' title='bbox 1295 4139 1450 4242; x_wconf 84' lang='lat' dir='ltr'><strong>perfecti</strong></span> <span class='ocrx_word' id='word_1_301' title='bbox 1474 4137 1711 4233; x_wconf 85' lang='lat' dir='ltr'><strong>infinitivum,</strong></span> <span class='ocrx_word' id='word_1_302' title='bbox 1747 4143 1811 4243; x_wconf 94' lang='lat' dir='ltr'><strong>qui</strong></span> <span class='ocrx_word' id='word_1_303' title='bbox 1836 4141 1947 4245; x_wconf 82' lang='lat' dir='ltr'><strong>vulgo</strong></span> <span class='ocrx_word' id='word_1_304' title='bbox 1969 4147 2008 4220; x_wconf 92' lang='lat' dir='ltr'><strong>in</strong></span> 
     </span>
     <span class='ocr_line' id='line_1_29' title="bbox 432 4259 2009 4368; baseline 0.001 -27"><span class='ocrx_word' id='word_1_305' title='bbox 432 4260 498 4341; x_wconf 80' lang='grc' dir='ltr'>έναι</span> <span class='ocrx_word' id='word_1_306' title='bbox 524 4262 670 4355; x_wconf 88' lang='lat' dir='ltr'><strong>desinit,</strong></span> <span class='ocrx_word' id='word_1_307' title='bbox 698 4259 898 4336; x_wconf 90' lang='lat' dir='ltr'><strong>Dorienses</strong></span> <span class='ocrx_word' id='word_1_308' title='bbox 924 4263 963 4334; x_wconf 90' lang='lat' dir='ltr'><strong>in</strong></span> <span class='ocrx_word' id='word_1_309' title='bbox 988 4289 1042 4345; x_wconf 86' lang='grc' dir='ltr'>ειν,</span> <span class='ocrx_word' id='word_1_310' title='bbox 1067 4259 1268 4338; x_wconf 86' lang='lat' dir='ltr'><strong>Aeolenses</strong></span> <span class='ocrx_word' id='word_1_311' title='bbox 1294 4267 1333 4336; x_wconf 93' lang='lat' dir='ltr'><strong>in</strong></span> <span class='ocrx_word' id='word_1_312' title='bbox 1357 4292 1392 4349; x_wconf 80' lang='grc' dir='ltr'><strong>ην</strong></span> <span class='ocrx_word' id='word_1_313' title='bbox 1410 4263 1744 4364; x_wconf 79' lang='lat' dir='ltr'><strong>terminarunt²³²),</strong></span> <span class='ocrx_word' id='word_1_314' title='bbox 1774 4281 1811 4340; x_wconf 89' lang='lat' dir='ltr'><strong>et</strong></span> <span class='ocrx_word' id='word_1_315' title='bbox 1829 4264 1930 4368; x_wconf 90' lang='lat' dir='ltr'><strong>quod</strong></span> <span class='ocrx_word' id='word_1_316' title='bbox 1947 4267 2009 4344; x_wconf 86' lang='lat' dir='ltr'><strong>rel</strong></span> 
     </span>
     <span class='ocr_line' id='line_1_30' title="bbox 433 4383 2007 4490; baseline 0.001 -25"><span class='ocrx_word' id='word_1_317' title='bbox 433 4391 557 4465; x_wconf 90' lang='lat' dir='ltr'><strong>aoristi</strong></span> <span class='ocrx_word' id='word_1_318' title='bbox 590 4388 699 4490; x_wconf 90' lang='lat' dir='ltr'><strong>primi</strong></span> <span class='ocrx_word' id='word_1_319' title='bbox 723 4387 857 4488; x_wconf 80' lang='lat' dir='ltr'><strong>passivi</strong></span> <span class='ocrx_word' id='word_1_320' title='bbox 882 4383 1080 4464; x_wconf 81' lang='lat' dir='ltr'><strong>infinitivus</strong></span> <span class='ocrx_word' id='word_1_321' title='bbox 1111 4391 1150 4461; x_wconf 91' lang='lat' dir='ltr'><strong>in</strong></span> <span class='ocrx_word' id='word_1_322' title='bbox 1183 4383 1274 4474; x_wconf 68' lang='grc' dir='ltr'>σθαν</span> <span class='ocrx_word' id='word_1_323' title='bbox 1307 4413 1377 4489; x_wconf 90' lang='lat' dir='ltr'><strong>pro</strong></span> <span class='ocrx_word' id='word_1_324' title='bbox 1405 4385 1531 4473; x_wconf 75' lang='grc' dir='ltr'>σθῆναι</span> <span class='ocrx_word' id='word_1_325' title='bbox 1555 4390 1601 4463; x_wconf 85' lang='lat' dir='ltr'><strong>ab</strong></span> <span class='ocrx_word' id='word_1_326' title='bbox 1626 4387 1807 4465; x_wconf 90' lang='lat' dir='ltr'><strong>Aeolibus</strong></span> <span class='ocrx_word' id='word_1_327' title='bbox 1831 4390 2007 4466; x_wconf 83' lang='lat' dir='ltr'><strong>formatus</strong></span> 
     </span>
     <span class='ocr_line' id='line_1_31' title="bbox 433 4501 2110 4619; baseline -0.001 -29"><span class='ocrx_word' id='word_1_328' title='bbox 433 4530 488 4590; x_wconf 87' lang='lat' dir='ltr'><strong>est</strong></span> <span class='ocrx_word' id='word_1_329' title='bbox 512 4501 730 4612; x_wconf 73' lang='grc' dir='ltr'>(μεθύσθην)</span> <span class='ocrx_word' id='word_1_330' title='bbox 745 4508 820 4612; x_wconf 82' lang='lat'><strong>²³³),</strong></span> <span class='ocrx_word' id='word_1_331' title='bbox 847 4526 884 4586; x_wconf 89' lang='lat' dir='ltr'><strong>et</strong></span> <span class='ocrx_word' id='word_1_332' title='bbox 910 4514 1035 4586; x_wconf 89' lang='lat' dir='ltr'><strong>aoristi</strong></span> <span class='ocrx_word' id='word_1_333' title='bbox 1060 4508 1212 4586; x_wconf 88' lang='lat' dir='ltr'><strong>secundi</strong></span> <span class='ocrx_word' id='word_1_334' title='bbox 1244 4508 1406 4586; x_wconf 91' lang='lat' dir='ltr'><strong>eiusdem</strong></span> <span class='ocrx_word' id='word_1_335' title='bbox 1437 4514 1537 4587; x_wconf 80' lang='lat' dir='ltr'><strong>vocis</strong></span> <span class='ocrx_word' id='word_1_336' title='bbox 1569 4515 1608 4586; x_wconf 93' lang='lat' dir='ltr'><strong>in</strong></span> <span class='ocrx_word' id='word_1_337' title='bbox 1639 4543 1674 4600; x_wconf 86' lang='grc' dir='ltr'><strong>ην</strong></span> <span class='ocrx_word' id='word_1_338' title='bbox 1707 4539 1778 4619; x_wconf 89' lang='lat' dir='ltr'><strong>pro</strong></span> <span class='ocrx_word' id='word_1_339' title='bbox 1804 4543 1874 4604; x_wconf 81' lang='grc' dir='ltr'>ηναι</span> <span class='ocrx_word' id='word_1_340' title='bbox 1898 4506 2005 4615; x_wconf 74' lang='grc' dir='ltr'>(ἐντά-</span> <span class='ocrx_word' id='word_1_341' title='bbox 2107 4501 2110 4508; x_wconf 65' lang='grc'><em>’</em></span> 
     </span>
    </p>
   </div>
   <div class='ocr_carea' id='block_1_5' title="bbox 486 4781 1908 5066">
    <p class='ocr_par' dir='ltr' id='par_1_5' title="bbox 486 4781 1908 5066">
     <span class='ocr_line' id='line_1_32' title="bbox 486 4781 1587 4865; baseline 0.001 -22"><span class='ocrx_word' id='word_1_342' title='bbox 486 4781 542 4863; x_wconf 73' lang='lat'>¹⁸⁰)</span> <span class='ocrx_word' id='word_1_343' title='bbox 583 4783 689 4844; x_wconf 87' lang='lat' dir='ltr'><strong>Buttm.</strong></span> <span class='ocrx_word' id='word_1_344' title='bbox 711 4783 731 4844; x_wconf 92' lang='lat' dir='ltr'><strong>l.</strong></span> <span class='ocrx_word' id='word_1_345' title='bbox 753 4805 779 4844; x_wconf 90' lang='lat' dir='ltr'><strong>c.</strong></span> <span class='ocrx_word' id='word_1_346' title='bbox 800 4805 830 4865; x_wconf 89' lang='lat' dir='ltr'><strong>p.</strong></span> <span class='ocrx_word' id='word_1_347' title='bbox 841 4783 912 4844; x_wconf 86' lang='lat'><strong>358.</strong></span> <span class='ocrx_word' id='word_1_348' title='bbox 1585 4835 1587 4844; x_wconf 93' lang='lat'><em>.</em></span> 
     </span>
     <span class='ocr_line' id='line_1_33' title="bbox 486 4881 1831 4970; baseline 0.004 -27"><span class='ocrx_word' id='word_1_349' title='bbox 486 4882 542 4963; x_wconf 77' lang='lat'><strong>²³¹)</strong></span> <span class='ocrx_word' id='word_1_350' title='bbox 585 4883 668 4960; x_wconf 88' lang='lat' dir='ltr'><strong>Quos</strong></span> <span class='ocrx_word' id='word_1_351' title='bbox 689 4883 775 4945; x_wconf 86' lang='lat' dir='ltr'><strong>aiiert</strong></span> <span class='ocrx_word' id='word_1_352' title='bbox 794 4884 980 4944; x_wconf 83' lang='lat' dir='ltr'><strong>Buttmannns</strong></span> <span class='ocrx_word' id='word_1_353' title='bbox 1000 4881 1031 4942; x_wconf 89' lang='lat' dir='ltr'><strong>in</strong></span> <span class='ocrx_word' id='word_1_354' title='bbox 1051 4881 1153 4942; x_wconf 85' lang='lat' dir='ltr'><strong>Museo</strong></span> <span class='ocrx_word' id='word_1_355' title='bbox 1174 4881 1349 4962; x_wconf 82' lang='lat' dir='ltr'><strong>antiquitatis</strong></span> <span class='ocrx_word' id='word_1_356' title='bbox 1369 4883 1530 4946; x_wconf 85' lang='lat' dir='ltr'><strong>studiorum</strong></span> <span class='ocrx_word' id='word_1_357' title='bbox 1549 4885 1653 4950; x_wconf 89' lang='lat' dir='ltr'><strong>Latino</strong></span> <span class='ocrx_word' id='word_1_358' title='bbox 1664 4886 1699 4964; x_wconf 91' lang='lat' dir='ltr'><strong>I.‚</strong></span> <span class='ocrx_word' id='word_1_359' title='bbox 1720 4885 1831 4970; x_wconf 64' lang='lat' dir='ltr'><strong>past.</strong></span> 
     </span>
     <span class='ocr_line' id='line_1_34' title="bbox 486 4974 1908 5066; baseline 0.004 -24"><span class='ocrx_word' id='word_1_360' title='bbox 486 4981 527 5020; x_wconf 73' lang='lat'><strong>²³¹</strong></span> <span class='ocrx_word' id='word_1_361' title='bbox 585 4977 723 5064; x_wconf 65' lang='grc' dir='ltr'>γιγᾶνιιν,</span> <span class='ocrx_word' id='word_1_362' title='bbox 744 4975 898 5061; x_wconf 74' lang='grc' dir='ltr'>τεθνᾶκην,</span> <span class='ocrx_word' id='word_1_363' title='bbox 919 4974 1141 5066; x_wconf 71' lang='grc' dir='ltr'>ἒπιτεθεννρῆκην</span> <span class='ocrx_word' id='word_1_364' title='bbox 1161 4981 1219 5046; x_wconf 82' lang='lat' dir='ltr'><strong>vid·</strong></span> <span class='ocrx_word' id='word_1_365' title='bbox 1240 4983 1394 5063; x_wconf 79' lang='lat' dir='ltr'><strong>Bruml,</strong></span> <span class='ocrx_word' id='word_1_366' title='bbox 1416 4985 1497 5064; x_wconf 60' lang='lat'><strong>358„</strong></span> <span class='ocrx_word' id='word_1_367' title='bbox 1518 4987 1591 5050; x_wconf 82' lang='lat' dir='ltr'><strong>Mus.</strong></span> <span class='ocrx_word' id='word_1_368' title='bbox 1612 4987 1726 5066; x_wconf 73' lang='lat' dir='ltr'><strong>Anti,</strong></span> <span class='ocrx_word' id='word_1_369' title='bbox 1747 4984 1817 5048; x_wconf 73' lang='lat'><strong><em>245.</em></strong></span> <span class='ocrx_word' id='word_1_370' title='bbox 1900 5001 1908 5012; x_wconf 84' lang='lat'><strong><em>‘</em></strong></span> 
     </span>
    </p>
   </div>
   <div class='ocr_carea' id='block_1_6' title="bbox 487 4989 1107 5165">
    <p class='ocr_par' dir='ltr' id='par_1_6' title="bbox 487 4989 1107 5165">
     <span class='ocr_line' id='line_1_35' title="bbox 487 4989 1107 5165; baseline 0.008 -26"><span class='ocrx_word' id='word_1_371' title='bbox 487 4989 543 5164; x_wconf 54' lang='grc' dir='ltr'><strong>ΜΞ</strong></span> <span class='ocrx_word' id='word_1_372' title='bbox 585 5082 698 5146; x_wconf 77' lang='lat' dir='ltr'><strong>Absens</strong></span> <span class='ocrx_word' id='word_1_373' title='bbox 720 5083 756 5145; x_wconf 90' lang='lat' dir='ltr'><strong>dc</strong></span> <span class='ocrx_word' id='word_1_374' title='bbox 779 5081 856 5143; x_wconf 86' lang='lat' dir='ltr'><strong>diali.</strong></span> <span class='ocrx_word' id='word_1_375' title='bbox 877 5081 974 5144; x_wconf 77' lang='lat' dir='ltr'><strong>Aeoli.</strong></span> <span class='ocrx_word' id='word_1_376' title='bbox 996 5105 1024 5165; x_wconf 87' lang='lat' dir='ltr'><strong>p.</strong></span> <span class='ocrx_word' id='word_1_377' title='bbox 1037 5080 1107 5142; x_wconf 76' lang='lat'><strong>241.</strong></span> 
     </span>
    </p>
   </div>
   <div class='ocr_carea' id='block_1_7' title="bbox 0 0 2270 5878">
    <p class='ocr_par' dir='ltr' id='par_1_7' title="bbox 0 0 2270 5878">
     <span class='ocr_line' id='line_1_36' title="bbox 0 0 2270 5878; baseline 0 0"><span class='ocrx_word' id='word_1_378' title='bbox 0 0 2270 5878; x_wconf 95' lang='lat' dir='ltr'><strong> </strong></span> 
     </span>
    </p>
   </div>
  </div>
 </body>
</html>
