4520 5896
148 1695 293 1836 Quae
316 1755 414 1826 inter
440 1765 588 1827 veteres
616 1754 880 1851 grammaticos
916 1754 979 1826 diu
1015 1757 1249 1852 multumque
1277 1755 1416 1852 agitata
1443 1767 1501 1828 est
1518 1754 1572 1828 'de
1601 1755 1773 1852 analogia
1801 1767 1838 1828 et
1865 1744 2052 1831 anomalia

147 1899 433 1990 controversia,
473 1921 556 1972 eam
582 1905 713 1970 nostro
739 1907 909 1994 tempore
936 1923 1048 1973 nemo
1075 1901 1128 1973 ita
1154 1899 1368 1991 renovabit,
1408 1900 1514 1972 utin
1549 1900 1726 1973 universo
1755 1899 1949 1974 hominum
1977 1927 2050 1976 ser·

148 2067 270 2116 mone
299 2054 382 2116 utra
409 2041 633 2132 dominetur,
661 2041 786 2114 denuo
814 2044 1071 2139 quaerendum
1100 2069 1180 2118 esse
1209 2044 1421 2117 existumet.
1475 2042 1565 2132 Quis
1602 2046 1701 2117 enim
1728 2045 1931 2138 dubitabit,
1960 2051 2051 2144 quin

152 2191 194 2262 in
225 2189 300 2262 hoc
328 2215 405 2262 non
431 2188 555 2260 minus
571 2211 680 2283 quarn
709 2188 747 2260 in
763 2189 937 2262 omnibus
965 2215 1060 2287 quae
1088 2215 1213 2263 rerum
1227 2201 1361 2262 natura
1387 2201 1561 2286 procreat
1580 2190 1675 2262 ratio
1704 2191 1828 2263 valeat
1855 2201 1892 2263 et
1914 2216 2047 2286 acqua-

148 2335 307 2410 bilitas?
360 2333 502 2408 Vcrum
529 2334 677 2431 longius
705 2335 920 2408 etiamnunc
945 2335 1127 2408 distamus
1155 2337 1201 2408 ab
1218 2361 1262 2408 ea
1288 2335 1506 2431 disciplinae
1527 2336 1792 2431 grammaticae
1807 2335 2050 2432 perfectione,

150 2507 230 2578 qua
256 2481 416 2553 fortasse
445 2480 585 2577 sperari
620 2491 746 2576 potest
780 2479 861 2553 fore
897 2479 1117 2577 aliquando,
1158 2489 1199 2552 ut
1231 2505 1350 2576 pauca
1384 2481 1592 2553 anomaliae
1627 2480 1786 2578 vestigia
1817 2493 2048 2556 remaneant.

149 2621 262 2714 Quae
289 2651 388 2698 nunc
417 2637 474 2698 est
500 2625 561 2698 vel
589 2650 716 2698 earum
742 2625 965 2724 linguarum,
993 2625 1031 2697 in
1062 2593 1196 2721 quibus
1224 2623 1465 2721 explorandis
1491 2623 1692 2721 plurimum
1722 2639 1858 2720 operae
1885 2625 2049 2720 positum

149 2783 229 2862 est,
259 2771 436 2869 cognitio,
464 2769 582 2843 multa
608 2781 752 2844 restant
779 2769 825 2843 ab
853 2771 1016 2844 inventis
1045 2770 1230 2844 sermonis
1257 2769 1404 2867 legibus
1431 2770 1483 2842 ita
1510 2781 1686 2865 excepta,
1727 2782 1768 2842 ut
1795 2795 1945 2842 causam
1986 2794 2048 2842 ex-

150 2915 430 3013 ceptionisnon
446 2939 700 3010 assequamur,
726 2915 842 2986 immo
857 2916 896 2986 in
912 2941 972 3004 ea,
1000 2939 1112 3011 quarn
1128 2913 1379 3002 Quintilianus
1400 2915 1651 3010 grammaticis
1680 2913 1928 3004 commendat,
1960 2938 2048 3012 qua·

148 3057 314 3132 rundam
329 3083 454 3132 rerum
469 3057 705 3155 ignoratione
732 3057 842 3130 nobis
870 3057 1185 3154 acquiescendum
1213 3058 1268 3129 sit.
1323 3055 1397 3129 Sed
1425 3055 1508 3129 curn
1536 3057 1627 3128 nihil
1656 3058 1816 3130 sciamus
1850 3073 1926 3130 tam
1954 3057 2048 3130 diffi-

150 3203 222 3277 cile
254 3229 347 3295 esse,
390 3205 477 3300 quin
506 3203 720 3300 quaerendo
747 3203 964 3300 investigari
991 3203 1128 3299 possit,
1194 3225 1339 3274 summo
1374 3201 1505 3273 labore
1533 3200 1838 3273 contendendum
1867 3201 1955 3291 erit,
1995 3213 2048 3293 ut,

148 3347 373 3440 Anomalia,
412 3348 533 3422 invisa
559 3347 732 3421 Inscitiae
759 3347 855 3439 filia,
882 3347 1029 3420 fortiter
1055 3347 1283 3443 impugnata,
1310 3345 1518 3444 Analogiae
1547 3357 1584 3419 et
1612 3371 1707 3443 quae
1736 3371 1817 3418 earn
1854 3345 2049 3444 generavit

148 3489 334 3567 Veritatis
360 3498 519 3591 regnum
545 3494 664 3592 magis
678 3493 871 3592 magisque
887 3505 1076 3592 augeatur.
1130 3491 1212 3580 Quo
1240 3493 1278 3563 in
1306 3489 1429 3564 studio
1453 3517 1530 3564 non
1557 3518 1632 3564 uno
1661 3517 1809 3588 semper
1836 3503 1973 3563 conatu
2001 3517 2046 3564 eo

148 3639 436 3732 perveniam,
452 3651 506 3726 ,ut
534 3641 653 3736 ipsam
681 3639 889 3738 Analogiae
918 3640 1080 3736 speciem
1107 3637 1323 3710 nullo-velo
1352 3636 1555 3709 obductam
1582 3639 1812 3728 intucamur,
1841 3635 1908 3709 scd
1935 3637 2047 3708 inter·

149 3781 244 3856 dum
267 3783 345 3880 jam
374 3783 512 3881 aliquid
536 3785 837 3860 offecisse.nobis
859 3784 1081 3874 videbimur,
1104 3784 1134 3856 si
1155 3781 1216 3854 vel
1235 3783 1272 3854 in
1300 3781 1522 3854 Anomaliae
1542 3782 1709 3878 partibus
1733 3781 1904 3853 umbram
1932 3804 2046 3876 quan-

149 3925 241 4000 dam
257 3931 502 4026 aequabitatis
531 3943 568 4003 et
595 3931 796 4028 imaginem
811 3953 1068 4040 repercussam
1084 3927 1402 4025 conspexerimus.
1443 3918 1526 3998 Hoc
1550 3936 1674 3998 autem
1702 3951 1812 4022 quem
1826 3926 1864 3998 in
1892 3923 2047 3998 modum

150 4073 298 4170 origine
325 4075 527 4149 verborum
557 4075 752 4172 explorata
786 4073 868 4147 lieri
895 4073 1032 4171 possit,
1075 4073 1248 4169 exemplo
1285 4097 1333 4146 ex
1372 4095 1528 4169 graecae
1556 4071 1821 4168 grammaticae
1848 4069 2045 4166 penetrali·

148 4213 224 4290 bus
247 4217 449 4316 desumpto
477 4221 755 4294 illustrabimus.

312 4363 555 4439 Notissimum
584 4381 641 4440 est
667 4369 878 4467 geminatae
910 4365 1055 4440 litterae
1083 4399 1107 4443 σ
1131 4367 1216 4438 loco
1231 4363 1384 4437 Boeotis
1411 4387 1486 4434 una
1513 4387 1596 4434 curn
1618 4359 1889 4434 recentioribus
1911 4358 2046 4431 Atticis

91 4559 94 4566 .
150 4493 380 4586 geminatam
406 4523 429 4572 r
455 4494 493 4568 in
519 4519 590 4568 usu
616 4495 748 4587 fuisse,
788 4496 840 4568 ita
872 4505 914 4567 ut
939 4496 1085 4593 utrique
1118 4519 1196 4566 non
1223 4493 1395 4570 α’λλσίσσω
1422 4489 1489 4563 sed
1515 4488 1682 4567 α’λλσίττω
1710 4489 1876 4561 dicerent
1902 4509 1971 4582 pro
2000 4509 2045 4557 eo

151 4648 278 4711 autem
305 4639 369 4736 qui
395 4639 434 4712 in
460 4641 691 4738 reliquorum
719 4640 950 4717 Graecorum
977 4641 1145 4714 dialectis
1173 4639 1395 4712 audiebatur
1420 4638 1565 4710 litterae
1594 4637 1616 4738 ζ
1643 4661 1749 4726 sono,
1801 4634 1841 4706 in
1867 4631 2045 4705 interiore

150 4803 246 4855 voce
272 4783 408 4880 posito,
437 4785 540 4858 solos
566 4783 731 4861 Boeotos
767 4788 956 4886 geminata
982 4784 1001 4865 l
1026 4811 1114 4860 usos
1148 4809 1240 4858 esse.
1285 4781 1377 4856 Non
1406 4783 1504 4856 enim
1531 4783 1674 4885 ψηφίζω
1701 4780 1767 4856 sed
1794 4774 1960 4877 papilla
1989 4775 2043 4850 di·

151 4925 297 5000 cebant.
337 4927 429 5003 lnde
457 4930 566 5004 facile
580 4932 819 5031 intellegitur,
847 4935 1004 5008 eandem
1032 4935 1130 5008 inter
1155 4966 1204 5010 σσ
1237 4943 1274 5006 et
1298 4965 1359 5024 ττ,
1386 4955 1479 5027 quae
1516 4931 1587 5005 fuit
1611 4931 1756 5031 inter<
1791 4937 1828 5001 et
1853 4923 1900 5016 ll,
1935 4924 2046 4999 ratio·
2157 4956 2159 4967 ’
