4532 5882
1054 569 1123 658 23

304 790 428 852 utrum
453 800 499 852 ex
523 774 580 852 bis
607 776 784 880 exemplis
810 775 857 854 de
882 807 907 854 c
932 795 970 856 et
995 807 1011 852 r
1036 780 1220 859 vocalium
1246 782 1414 887 pondere
1440 785 1644 892 quidquam
1661 791 1785 896 colligi
1802 820 1889 898 pos-

304 902 369 992 sit,
398 927 446 976 an
468 900 622 976 fortuito
639 904 765 1005 potius
791 918 829 978 et
853 907 1035 980 varietatis
1061 931 1168 982 causa
1193 908 1278 984 illae
1305 908 1506 986 secundum
1532 941 1548 987 ε
1574 932 1611 990 et
1637 945 1652 988 ο
1679 915 1885 994 litterarum

303 1025 512 1127 exemplum
542 1051 822 1128 nonnumquam
854 1027 1056 1124 alternent,
1093 1028 1261 1108 dubitare
1294 1062 1502 1172 possumus.
1563 1037 1658 1114 Mihi
1692 1067 1782 1118 vero
1813 1041 1889 1120 boc

300 1147 531 1251 probabilius
557 1173 636 1226 csse
661 1148 818 1227 videtur.

739 1432 795 1495 DE
816 1433 1082 1500 suumomni
1101 1438 1447 1505 SIGNIFICATIONE.

451 1599 531 1677 Hae
557 1606 804 1705 quaestiones,
835 1633 925 1711 quas
950 1613 1077 1713 paucis
1103 1608 1412 1707 adumbravimus,
1433 1615 1623 1720 aliaeque,
1653 1641 1743 1720 quas
1765 1631 1813 1692 ne
1830 1635 1884 1693 te·

297 1726 443 1836 ligimus
469 1723 644 1830 quidem,
681 1755 796 1831 quum
822 1735 944 1846 statim
974 1737 1013 1810 in
1037 1737 1222 1812 vestibulo
1250 1735 1440 1814 doctrinae
1474 1736 1521 1814 de
1548 1725 1699 1816 Graecis
1725 1739 1884 1817 riomini-
1969 1737 1972 1740 ’

295 1851 367 1924 bus
393 1848 594 1952 formandis
625 1857 769 1958 positae
802 1858 893 1950 sint,
929 1860 1046 1961 ipsam
1073 1856 1226 1934 domum
1252 1863 1493 1956 intrantibus,
1527 1864 1749 1970 linguaeque
1781 1871 1885 1970 quasi

296 1979 553 2050 oeconomiam
585 1981 786 2080 cognituris
819 1984 1026 2084 quaeritur,
1070 2011 1181 2087 quem
1212 1989 1251 2062 in
1282 1983 1435 2062 modum
1468 2015 1635 2108 magnam
1668 1988 1885 2068 suffixorum
2008 2035 2014 2046 ·

293 2097 587 2192 multitudinem,
625 2105 762 2206 quain
788 2103 990 2180 formandis
1017 2133 1062 2182 ex
1086 2105 1210 2187 radice
1236 2113 1448 2230 nominibus
1477 2111 1610 2190 Gracci
1634 2129 1810 2206 utuntur,
1845 2117 1884 2188 in

294 2221 466 2299 ordinem
488 2221 667 2342 redigere,
696 2226 851 2330 aliisque
877 2231 948 2303 sub
971 2249 1213 2336 conspectum
1237 2217 1379 2338 ponere
1405 2241 1615 2350 possimus.
1647 2240 1704 2312 Ac
1720 2237 1890 2342 plerum-⁸

294 2373 368 2455 que
383 2329 558 2450 quidem
548 2365 598 2422 tta
611 2365 871 2440 enumerantur
881 2351 1024 2464 suffisia,
1039 2369 1082 2428 ut
1091 2359 1253 2458 primum
1265 2363 1385 2432 variae
1394 2345 1596 2474 secundum
1609 2349 1883 2464 significationis

294 2469 504 2561 discrimina
543 2469 685 2545 classes
712 2489 918 2575 ponantur:
957 2480 1142 2570 nomina
1138 2484 1308 2581 agentis,
1349 2485 1499 2556 uomina
1539 2486 1879 2575 instrumentorum,

291 2597 444 2670 nomina
475 2595 674 2688 abstracta,
708 2593 799 2690 alia,
839 2613 919 2674 tum
953 2600 1148 2696 doceatur,
1184 2606 1319 2706 quibus
1352 2604 1531 2680 suffixis
1520 2633 1559 2681 ιιι
1587 2631 1733 2710 quaque
1767 2595 1882 2680 classe

289 2717 416 2822 lingua
433 2735 568 2796 utatur.
614 2717 701 2814 Quo
718 2718 761 2794 fit
777 2737 819 2796 ut
835 2726 1019 2840 primitiva
1034 2741 1071 2800 et
1088 2708 1263 2821 derivata,
1293 2756 1323 2804 st
1313 2729 1455 2809 modo
1482 2704 1550 2806 sub
1583 2755 1780 2804 commune
1796 2754 1881 2834 per·

291 2843 474 2920 sonalium
490 2843 551 2922 vel
577 2843 843 2922 abstractarum
860 2873 998 2924 nomen
1016 2847 1161 2943 cadant,
1191 2857 1417 2948 coniunctim
1433 2870 1649 2945 tractentur,
1678 2849 1882 2978 eademque

260 3027 261 3030 ,
292 2966 495 3062 suffixa,
466 2995 497 3042 st
522 2959 642 3044 varius
668 2995 798 3044 eorum
823 2997 910 3046 usus
936 2988 1005 3065 est,
1023 2977 1193 3065 ratione,
1223 3002 1296 3076 qua
1322 3001 1366 3050 ex
1391 3004 1468 3050 uno
1496 2975 1542 3050 ad
1570 2977 1725 3050 alterum
1751 3001 1882 3080 perve-

290 3095 413 3176 niant,
439 3099 517 3166 non
543 3094 730 3193 exposita,
759 3094 817 3165 bis
842 3093 903 3167 vel
929 3098 1072 3194 saepius
1100 3113 1316 3194 enarrentur
1332 3094 1408 3196 ¹⁰⁰J
1455 3101 1631 3172 Attamen
1656 3116 1698 3172 ut
1722 3099 1882 3173 lexicum

290 3214 387 3292 male
412 3216 591 3306 institues,
621 3215 652 3286 si
677 3215 792 3287 varias
817 3199 978 3316 primum
1004 3213 1322 3318 significationes
1312 3244 1351 3292 ιιι
1377 3232 1493 3290 certas
1519 3219 1650 3292 classes
1668 3217 1877 3312 distribuas,

292 3324 427 3417 deinde
450 3339 521 3414 sub
548 3333 742 3430 audiendi,
783 3333 952 3428 ridendi,
994 3337 1107 3412 eundi
1136 3338 1401 3440 significatione
1428 3338 1580 3433 doceas,
1624 3367 1717 3444 quae
1748 3341 1880 3416 barum

293 3467 426 3568 cuique
452 3461 632 3540 vocabula
657 3463 697 3535 in
723 3487 783 3554 ea,
821 3488 932 3564 quam
957 3477 1109 3558 tractas,
1147 3461 1271 3566 lingua
1303 3461 1566 3567 respondeant,
1601 3467 1651 3540 ita
1677 3465 1772 3540 male
1804 3465 1879 3540 sui-

292 3587 364 3664 fira
391 3614 436 3664 ex
461 3584 544 3662 solo
570 3583 841 3688 significationis
868 3581 1078 3662 discrimine
1102 3587 1143 3662 in
1168 3587 1336 3664 ordinem
1361 3587 1585 3692 redigentur.
1631 3589 1752 3666 Immo
1779 3605 1817 3665 et
1841 3592 1881 3664 in

291 3711 411 3788 lexico
438 3707 646 3803 scribendo,
660 3709 761 3784 solus
789 3706 883 3784 ordo
909 3735 1018 3786 verus
1044 3727 1082 3786 et
1108 3735 1152 3786 ex
1177 3715 1231 3790 rei
1257 3728 1385 3786 natura
1411 3715 1548 3826 petitus
1574 3717 1604 3788 is
1632 3730 1704 3806 est,
1733 3729 1776 3788 ut
1800 3711 1879 3788 col·

291 3835 397 3914 lectis
422 3833 690 3914 vocabulorum
714 3833 903 3936 stirpibus,
933 3831 1126 3938 quomodo
1153 3861 1199 3912 ex
1223 3835 1281 3910 his
1305 3839 1425 3917 variae
1451 3836 1605 3932 formae,
1635 3863 1679 3912 cx
1696 3840 1881 3941 primitiva

293 3978 415 4038 autem
446 3963 623 4062 cuiusque
656 3957 919 4060 significatione
959 3961 1123 4036 notionis
1155 3964 1311 4038 varietas
1348 3977 1428 4040 orta
1461 3964 1527 4054 sit,
1574 3977 1801 4064 saporatum
1841 3978 1880 4037 et

291 4087 332 4160 in
348 4083 488 4160 suffixis
506 4079 704 4160 tractandis
725 4085 887 4185 primum
910 4107 1076 4185 quaeres,
1106 4109 1201 4188 quae
1221 4088 1294 4160 sint
1311 4089 1409 4160 inter
1432 4109 1471 4160 se
1497 4101 1664 4188 cognata,
1693 4111 1789 4189 quae
1815 4111 1879 4159 cu·

292 4211 423 4312 iusque
447 4211 633 4313 primitiva
657 4205 773 4310 figura
800 4209 865 4299 sit,
900 4205 970 4281 hac
1001 4223 1124 4283 autem
1156 4209 1304 4286 inventa
1337 4211 1555 4285 scrutaberis
1587 4213 1880 4312 antiquissimum

291 4359 420 4426 usum;
453 4360 500 4410 ex
524 4331 588 4408 illa
613 4331 732 4408 torma
757 4331 900 4434 illoque
925 4359 995 4406 usu
1020 4321 1246 4420 ceterarum
1272 4329 1445 4410 deduces.
1498 4333 1633 4437 Neque
1657 4337 1697 4407 in
1721 4331 1796 4408 hoc
1821 4335 1878 4408 in·

292 4475 348 4537 tra
375 4459 481 4534 unius
505 4457 653 4560 linguae
677 4459 855 4532 terminos
880 4481 950 4532 nos
976 4459 1259 4542 continebimus',
1285 4456 1349 4534 sed
1375 4457 1513 4551 libere,
1543 4454 1746 4532 dummodo
1773 4473 1878 4532 caute

294 4599 332 4658 et
356 4578 577 4688 prudenter,
612 4607 681 4684 per
711 4579 909 4684 ampliores
944 4581 1190 4684 complurium
1223 4587 1458 4685 cognatarum
1490 4583 1697 4684 linguarum
1729 4577 1901 4684 campos

293 4709 414 4811 vagari
443 4704 543 4780 licet.
599 4705 665 4781 Sin
699 4703 746 4780 de
779 4703 995 4779 suffixorum
1027 4705 1291 4808 significatione
1322 4705 1481 4812 loquor,
1522 4732 1617 4810 quac
1649 4731 1727 4782 non
1757 4709 1878 4780 minus

351 4976 406 5060 ¹⁰⁰)
449 4976 648 5056 Quamobrem
667 4977 798 5060 Boppins
820 4989 851 5041 et
871 4978 1032 5044 Grimmius
1058 4979 1091 5046 in
1118 5001 1169 5044 sua
1193 4992 1316 5064 uterque
1341 4978 1526 5064 grammatica
1554 4989 1585 5044 et
1603 4979 1717 5045 Pottim
1736 4979 1772 5040 R
1791 4977 1877 5042 stt

295 5079 407 5164 ptss.
427 5103 490 5164 sqq.
512 5080 597 5142 aliter
617 5077 714 5141 suffixa
735 5092 949 5142 enumerarunt.
987 5169 992 5176 ⁹
