4532 5882
1065 539 1095 632 5

290 761 368 836 tivo
393 771 619 862 repetamus,
653 752 854 830 dubitatum.
885 751 1094 857 ¹'Equidem
1121 781 1167 831 eo
1192 755 1460 857 inclinaverim,
1494 770 1537 834 nt
1562 757 1765 838 derivatum
1791 787 1868 838 esse

291 880 589 985 dicamzpropter
612 883 828 974 notionem
855 871 893 954 τὸ
917 867 1045 988 βρῖθος
1072 885 1169 956 euim
1196 897 1254 956 eat
1265 886 1433 984 gravitas,
1462 884 1683 960 abstractum
1696 885 1870 964 adiectivi

288 995 447 1115 βριθύς,
475 1001 577 1108 quod
602 1029 904 1109 unumquemque
931 1005 1133 1099 Graecum,
1162 1008 1229 1081 nbi
1254 1005 1327 1082 boc
1352 1007 1534 1083 vocabulo
1560 1012 1752 1105 utebatur,
1789 1037 1870 1086 sen·

289 1133 380 1210 sisse
401 1145 509 1232 puto.
562 1122 601 1204 ri
614 1121 750 1220 'baiba
775 1146 896 1206 autem
926 1133 1069 1231 (contra
1094 1131 1316 1206 Buttmanui'
1334 1135 1550 1207 sententiam
1561 1132 1622 1231 ¹⁵),
1653 1161 1768 1237 qiam
1793 1161 1871 1212 nou

289 1255 482 1346 iallaciam,
511 1250 575 1334 aad
605 1257 729 1356 potius
755 1281 874 1330 unum
897 1254 1098 1359 quoddam
1111 1254 1342 1332 mendacium
1374 1254 1556 1360 designet,
1590 1283 1667 1332 non
1698 1284 1718 1330 a
1744 1251 1872 1348 ψευδής

289 1378 353 1456 sed
385 1405 406 1454 a
436 1375 560 1454 radice
584 1370 754 1469 ψεύδομαι
778 1381 884 1456 verbi
910 1379 1162 1458 derivaverim.
1204 1379 1371 1456 Similem
1397 1379 1665 1457 dubitationem
1690 1411 1764 1468 tir-e
1789 1391 1869 1457 mol

287 1515 369 1594 vet,
414 1500 514 1605 quod
548 1506 704 1606 'proprie
742 1520 904 1580 actorem
940 1505 1144 1608 significans
1184 1521 1221 1580 et
1256 1531 1301 1580 ex
1337 1503 1461 1581 radice
1499 1509 1649 1582 nomina
1684 1521 1867 1610 repetens,

287 1627 501 1704 transfertur
518 1630 628 1704 etiam
646 1625 692 1702 ad
710 1631 907 1704 nominum·
927 1628 1103 1724 themata,
1126 1631 1268 1735 quibus
1284 1633 1325 1706 ,si
1342 1627 1501 1724 additur,
1530 1657 1727 1735 personam
1753 1628 1870 1732 desig·

287 1767 353 1828 nat
384 1755 460 1828 eiua
491 1755 565 1844 rei,
603 1777 697 1855 quae
729 1757 881 1831 nomine
913 1771 1083 1847 notatur,
1117 1757 1349 1857 participem.
1403 1755 1529 1858 Atque
1560 1771 1704 1859 aperte·
1720 1753 1871 1859 quidem

285 1879 402 1980 priori
434 1879 516 1954 usui
551 1872 756 1954 adscribas:
792 1869 987 1965 abir-rn-e,
1022 1869 1232 1979 σφᾶκ-τη-ς,
1270 1871 1449 1988 rip-icae
1474 1882 1692 1983 posteriori,
1723 1873 1870 1965 ὅὸΥ-τη-ς,

286 1991 504 2094 riman-oie,
531 1989 778 2108 πρεσβύ-τη-ςς
807 1990 1275 2082 4ι1ἱίῖὶοί1ἰιι.«ι,ἰιιάἰεέιῒιιὶεἶθ
1302 1996 1478 2092 'siai-sve.
1511 2030 1600 2078 num
1635 2019 1678 2088 ut
1702 2002 1871 2078 Ionicum

287 2117 473 2213 sissi-ane,
506 2129 614 2202 cuius
640 2141 769 2204 auctor
799 2124 1030 2233 Pherecydes
1063 2125 1254 2220 laudatur,
1282 2128 1329 2202 ab
1362 2123 1462 2210 οἰκία,
1494 2131 1544 2202 ita
1571 2129 1617 2202 ab
1645 2121 1747 2202 siae-e
1773 2123 1870 2201 deri·
1947 2127 1950 2139 '

285 2247 445 2328 vandum
475 2235 539 2342 sit,
577 2275 619 2324 ac
644 2253 796 2353 proprie
810 2274 906 2326 eum
934 2250 1148 2354 designarit,
1185 2254 1250 2353 qui
1279 2248 1411 2328 domus
1441 2256 1625 2354 particeps
1656 2254 1702 2326 sit
1732 2249 1793 2326 vel
1823 2248 1871 2326 ad

286 2369 439 2448 domum
456 2374 651 2475 pertineat,
682 2398 729 2448 an
746 2396 791 2447 ex
817 2367 907 2446 siaiu
932 2376 1049 2450 verbo
1075 2372 1290 2449 deducatur.
1330 2373 1431 2448 Mihi
1457 2400 1545 2450 vero
1572 2373 1666 2448 illud
1692 2375 1870 2476 probabi·

283 2497 356 2574 lius
382 2513 438 2574 est
449 2498 511 2598 16).
564 2489 711 2590 γαμίτης
736 2513 858 2584 autem
889 2523 967 2606 non
992 2525 1013 2574 a
1038 2489 1166 2596 ydus-c
1196 2494 1439 2589 descendere,
1475 2495 1538 2574 sed
1573 2522 1617 2572 ex
1642 2501 1723 2600 ipsa
1747 2495 1871 2574 radice

284 2621 422 2698 factum
453 2649 532 2700 esse
556 2621 715 2698 videtur.
769 2620 960 2700 Adiectiva
993 2627 1033 2699 in
1058 2651 1146 2715 suo-e
1175 2621 1342 2698 similiter
1373 2621 1563 2698 fluctuant.
1616 2621 1748 2724 Itaque
1780 2645 1870 2695 num

285 2741 445 2856 πόριμα-ς,
470 2737 630 2836 absus-s,
655 2737 841 2857 τρόφιμα-ς,
865 2741 1023 2838 tisibus-s
1038 2746 1199 2826 verbalia
1213 2745 1321 2830 dicas,
1348 2773 1394 2822 an
1408 2773 1492 2824 cum
1506 2739 1698 2838 κάλλιμα-ς,
1724 2733 1872 2834 αἴσιμα-ς
1909 2837 1915 2846 ,

284 2870 569 2966 denominativa,
586 2869 746 2948 dubitari
755 2871 858 2948 iicet.
878 2870 1032 2948 Accedit
1044 2869 1248 2948 Sanscritae
1261 2871 1406 2974 linguae
1420 2875 1628 2963 auctoritas,
1642 2867 1871 2974 quaeadiec·
2009 2880 2011 2888 '

283 2999 357 3074 tiva
383 2994 546 3075 derivata
571 3003 611 3074 in
642 3002 730 3073 ima
755 2997 864 3072 nobis
889 2997 1044 3098 praebet
1068 2995 1171 3076 velut
1192 2999 1364 3084 antima
1382 2997 1434 3100 'ab
1454 3010 1580 3104 anta,
1608 2993 1706 3087 tinia,
1733 2991 1868 3070 finalis.

285 3119 425 3216 Quare·
437 3122 592 3196 iomasse
618 3124 742 3192 omnia
768 3119 831 3190 illa
855 3121 896 3190 in
913 3117 1272 3204 denominativorum
1290 3118 1459 3194 ordinem
1477 3143 1522 3190 ex
1538 3117 1763 3209 verbalibus,
1777 3143 1780 3152 ’
1793 3141 1870 3218 quo

282 3245 530 3322 Buttmannus
555 3267 599 3324 ea
622 3239 768 3342 delegat
783 3237 845 3334 ¹⁷),
872 3233 1126 3324 transferenda
1151 3247 1250 3312 suut.
1293 3235 1420 3339 Atque
1445 3234 1545 3310 bunc
1570 3233 1648 3310 iere
1665 3237 1704 3308 in
1717 3233 1871 3316 modum

284 3373 321 3446 ei
354 3371 420 3472 qui
448 3370 641 3446 nominum
666 3363 898 3442 Graecorum
927 3360 1188 3438 formationem
1218 3362 1365 3437 maiore
1389 3360 1530 3437 ambitu
1555 3374 1772 3438 tractaturus
1798 3375 1867 3452 est,

284 3491 443 3597 stagiris,
471 3517 579 3569 usum
605 3492 827 3593 scriptorum
849 3487 1044 3590 reputanti
1060 3500 1306 3662 cognatasque
1336 3483 1477 3586 linguas
1495 3483 1721 3578 conferenti,
1749 3487 1868 3564 consi·

247 3657 250 3663 *
285 3615 445 3698 derauda
472 3641 550 3696 esee
574 3613 757 3693 videntur
829 3621 832 3628 “
1078 3651 1081 3658 v

284 3999 341 4064 DE
368 3997 574 4076 LITTERIS,
608 3994 722 4074 Quat
754 3993 952 4059 NOMINUM
977 3989 1187 4057 annuam
1205 3949 1302 4056 NON
1330 3925 1516 4056 murm
1533 3986 1869 4058 SIGNOEICATIONE

957 4097 1199 4182 ADDUNTUR.
1495 4119 1500 4128 ·

389 4286 477 4383 Quo
503 4288 590 4363 loco
616 4251 819 4362 cavendum
846 4299 918 4376 est,
947 4307 995 4356 ne
1022 4283 1145 4356 omnia
1170 4284 1338 4374 nomina,
1374 4279 1576 4384 inquibus
1601 4279 1761 4353 nominis
1778 4245 1867 4352 the-

286 4413 376 4488 mati
407 4410 546 4514 aliquid
580 4407 746 4485 additum
779 4423 853 4501 est,
889 4404 1059 4482 derivatax
1082 4403 1257 4481 dieamus.
1310 4403 1440 4480 Potest
1471 4405 1570 4479 enim
1601 4403 1761 4478 nominis
1792 4399 1868 4477 euf-

285 4537 401 4613 fixum
426 4560 504 4610 non
529 4551 665 4614 mutata
691 4531 955 4636 significatione
981 4519 1123 4634 augeriq
1160 4527 1374 4634 significatio
1404 4554 1494 4608 vero
1525 4531 1556 4604 si
1581 4523 1709 4602 addito
1735 4523 1869 4602 suffixo

347 4865 388 4950 ¹⁵)
430 4865 560 4930 Gramm.
581 4865 666 4948 ampl.
676 4865 728 4961 11,
748 4887 778 4948 p.
788 4863 860 4926 325.

349 4967 391 5049 ¹⁶)
431 4969 462 5032 11¹
483 4991 542 5052 qno
564 4989 629 5031 cnm
649 4967 823 5031 Butnnanno
845 4965 997 5030 consentio
1019 4965 1054 5048 (l.
1076 4986 1102 5028 c.
1122 4962 1260 5047 pata).

348 5067 389 5151 ¹⁷)
429 5068 469 5132 ib.
490 5093 522 5153 p.
532 5068 602 5132 841.
