4520 5896
989 700 1138 706 „—
1195 671 1215 738 6
1271 699 1423 707 ,Μ

518 868 614 928 cirum
637 871 669 928 et
690 867 813 938 vitatur,
835 864 920 928 inter
942 865 1065 930 docilem
1088 872 1118 929 et
1139 869 1266 930 doctum.
1300 867 1368 930 Nee
1390 886 1522 948 prorsus
1544 865 1655 930 eadem
1675 871 1750 930 sunt
1765 864 1897 930 Graecia

516 971 599 1060 κρέα
616 966 705 1037 darei
721 979 753 1037 et
769 964 929 1050 ὀπταλέα,
946 996 1009 1038 ιιοιι
1032 976 1133 1058 magis
1158 997 1254 1058 quam
1272 975 1391 1040 Latinis
1406 976 1496 1040 cibus
1519 1000 1602 1040 naeus
1622 981 1656 1040 et
1669 975 1748 1059 daps
1771 981 1898 1051 cesamo,

520 1105 614 1166 quern
640 1085 718 1148 dicit
741 1081 820 1146 Cato
843 1104 868 1145 r.
893 1105 919 1148 r.
945 1089 1015 1163 132,
1039 1090 1067 1148 2.
1111 1086 1183 1150 Alio
1202 1085 1297 1150 modo
1325 1087 1410 1151 inter
1441 1107 1475 1152 se
1503 1087 1742 1169 distinguuntur
1765 1083 1898 1172 θρασύς

515 1201 547 1257 et
570 1192 776 1280 dupundius,
808 1184 931 1270 λεπτός
953 1201 985 1257 et
1007 1193 1198 1273 λεπιαλέος.
1244 1195 1454 1262 Concedimus
1477 1217 1568 1261 usum
1593 1198 1755 1264 Graecum
1776 1216 1897 1278 nequa·

514 1325 610 1386 quam
645 1323 828 1384 exaequare
850 1304 1008 1368 Latinum.
1057 1303 1118 1369 Sed
1146 1327 1245 1388 parvo
1275 1306 1456 1370 discrimine
1486 1327 1689 1389 nequequam
1717 1305 1898 1371 excluditur

515 1415 691 1476 communis
713 1413 812 1494 erige.
857 1413 922 1478 Sua
944 1421 995 1479 est
1015 1415 1100 1479 enirn
1122 1416 1374 1501 uniuscnjusque
1396 1416 1523 1500 linguae
1543 1419 1625 1482 ratio
1653 1418 1704 1484 vel
1730 1419 1763 1482 in
1787 1437 1898 1482 eorum

513 1521 742 1587 vocabulorum
763 1544 838 1603 usu,
865 1545 947 1605 qnae
969 1526 1119 1606 quoniam
1142 1533 1175 1591 et
1196 1527 1296 1611 stirpe
1319 1535 1351 1593 ct
1372 1529 1596 1594 terminatione
1618 1529 1702 1592 inter
1717 1549 1750 1593 se
1766 1547 1896 1610 respon-

515 1633 599 1710 dent,
623 1632 663 1697 ab
687 1633 865 1716 etymologo
889 1635 1001 1699 eadem
1025 1636 1086 1700 dici
1109 1643 1253 1718 possunt.
1298 1637 1394 1702 Haud
1416 1660 1489 1704 raro
1512 1645 1618 1704 autem
1641 1656 1739 1703 unum
1762 1639 1897 1702 vocabu-

513 1744 580 1806 lum
603 1743 666 1806 alio
690 1742 831 1825 quodam
853 1744 1043 1810 illustratur.
1088 1747 1149 1824 Sic,
1178 1753 1215 1812 ut
1234 1748 1378 1831 exemplo
1401 1755 1491 1826 utar,
1515 1749 1626 1814 Ulixes
1649 1749 1813 1813 meudiens
1837 1748 1895 1812 Od.

515 1875 535 1940 ρ
563 1857 620 1916 193

720 1955 804 2051 ἄμφ’
828 1955 969 2046 ὤμοισιν
992 1958 1107 2032 ἀεικέα
1129 1965 1271 2048 βάλλετο
1295 1967 1406 2057 mppria

718 2070 826 2136 πυκνοὶ
850 2072 1054 2162 ῥωγαλέην

449 2183 452 2190 “
513 2188 547 2247 et
567 2189 675 2248 manet
701 2182 782 2246 haec
807 2185 839 2249 iu
867 2188 983 2250 ceteris
1011 2187 1090 2252 locis
1113 2189 1293 2254 Homericis
1315 2189 1516 2273 significatio,
1549 2211 1614 2272 qua
1635 2186 1807 2278 ῥωγαλέος
1828 2186 1895 2252 fere

513 2300 653 2357 nostrum
677 2295 799 2380 bruelip
826 2297 875 2359 vel
901 2300 1022 2383 zaserzr
1048 2305 1218 2382 exaequat.
1263 2301 1333 2364 Hoc
1360 2321 1424 2365 non
1450 2301 1535 2366 inest
1556 2300 1590 2364 iu
1612 2317 1688 2362 voce
1711 2298 1828 2362 Latina
1854 2298 1894 2362 ab

431 2437 435 2446 ·
514 2403 627 2468 eadem
649 2405 758 2468 radice
773 2408 850 2490 frop
874 2406 1010 2484 (Graece
1035 2411 1141 2494 Fpoy)
1164 2409 1313 2490 deducta,
1337 2431 1420 2493 quae
1442 2417 1491 2474 est
1504 2411 1638 2496 fragilis,
1659 2407 1788 2491 fragilia
1810 2407 1906 2474 enim,

511 2534 574 2577 non
602 2514 705 2578 fracta
733 2515 783 2579 vel
810 2516 917 2582 lacera
946 2511 1108 2598 dicuntur,
1139 2521 1195 2584 sed
1223 2541 1306 2602 quae
1333 2519 1426 2584 facile
1449 2523 1650 2602 franguntur.
1696 2521 1738 2584 At
1765 2517 1805 2581 ab
1832 2516 1897 2580 alia

512 2623 620 2688 radice
644 2645 827 2708 synonyme,
852 2649 934 2709 quae
957 2635 1008 2694 est
1030 2634 1105 2704 aeid,
1128 2631 1276 2708 Romani,
1309 2631 1420 2694 eadem
1441 2630 1667 2695 terminatione
1689 2629 1751 2702 usi,
1779 2631 1902 2715 susaliq

511 2753 621 2797 rocem
644 2734 837 2813 formarunt,
866 2745 898 2801 et
923 2737 1004 2802 haee
1031 2740 1131 2804 habet
1153 2761 1224 2804 eam
1247 2762 1344 2822 quam
1366 2742 1550 2823 quaerimus
1573 2745 1776 2823 potestatem.
1821 2738 1894 2816 ,Ho-

511 2844 652 2908 mnnculi
675 2844 759 2908 enim
781 2847 888 2910 scieali
902 2848 1093 2913 centunculo
1114 2849 1216 2932 magis
1238 2850 1412 2914 inumbrati
1433 2871 1530 2933 quam
1551 2850 1688 2928 obtecti‘,
1711 2870 1792 2932 quos
1810 2853 1894 2930 Apu·

510 2953 593 3036 lejus
616 2955 744 3019 Metam.
761 2955 813 3033 IX,
838 2958 876 3019 12
899 2956 932 3019 in
955 2979 1103 3023 scaenam
1126 2960 1284 3042 producit,
1308 2959 1393 3024 Ulixi
1415 2961 1611 3026 mendicanti
1633 2983 1696 3025 non
1720 2981 1797 3024 sane
1820 2967 1895 3024 sunt

513 3063 690 3129 dissimiles.
726 3065 832 3143 Quare
851 3067 920 3150 jam
943 3068 1011 3147 hoc,
1034 3076 1070 3133 ut
1091 3070 1213 3153 opinor,
1237 3071 1415 3146 didicimus,
1441 3091 1551 3136 errare
1568 3093 1632 3148 eos,
1655 3070 1711 3152 qui
1725 3073 1895 3153 potestatis

510 3173 576 3253 vel,
599 3181 635 3238 ut
656 3175 811 3240 vocabulo
838 3177 1025 3260 posterioris
1051 3179 1192 3246 fabricae
1222 3186 1312 3262 utar,
1339 3181 1563 3265 possibilitatis
1592 3182 1755 3246 notionem
1781 3181 1896 3246 horum

510 3284 742 3368 adjectivorum
769 3288 957 3352 Latinorum
990 3289 1153 3372 propriam
1185 3291 1237 3355 rel
1270 3291 1477 3375 principalem
1505 3290 1606 3356 fuisse
1637 3295 1758 3373 putent.
1808 3289 1897 3356 Hace

510 3395 617 3460 aliena
640 3403 689 3461 est
711 3419 731 3462 a
753 3397 870 3462 multis.
914 3398 1095 3480 Repudiant
1121 3421 1190 3465 eam
1219 3405 1336 3478 amitt,
1366 3403 1501 3481 humata,
1527 3404 1659 3488 praeda
1688 3403 1803 3468 sutilia
1847 3401 1897 3466 Fi·

510 3505 588 3569 bula
610 3509 708 3572 rara
729 3508 771 3572 ab
794 3507 906 3572 Ovidio
931 3508 1073 3594 (Metam.
1090 3511 1167 3576 VIII
1183 3515 1258 3596 318)
1281 3533 1345 3576 non
1368 3533 1408 3577 ea
1429 3513 1556 3589 dicitur,
1580 3533 1664 3595 quae
1685 3513 1758 3576 redi
1780 3519 1896 3595 potest,

510 3615 568 3679 sed
590 3637 674 3698 quae
697 3624 747 3681 est
768 3639 844 3684 rasa
866 3639 905 3684 ac
925 3619 1039 3702 polita,
1057 3622 1151 3704 sorite
1172 3622 1222 3688 vel
1239 3625 1341 3708 futtile
1362 3629 1490 3711 vaeneat
1509 3621 1542 3686 id
1566 3622 1650 3705 quod
1674 3621 1769 3686 facile
1790 3621 1897 3686 fundit

510 3724 662 3808 (Etymol.
682 3749 712 3810 p.
739 3728 826 3812 193),
852 3729 1004 3794 horreum
1025 3732 1136 3818 pecode
1157 3731 1202 3810 id,
1231 3733 1317 3816 quod
1344 3734 1391 3798 ita
1412 3731 1533 3798 factum
1562 3739 1594 3798 et
1616 3737 1815 3798 exstnrctum
1839 3737 1897 3810 est,

510 3839 546 3898 nt
568 3836 719 3918 pendeat,
748 3859 844 3920 qnam
860 3839 913 3904 'ob
941 3861 1007 3904 rem
1031 3862 1081 3906 res
1099 3845 1226 3929 pensiles
1248 3865 1313 3909 non
1335 3844 1470 3912 multum
1495 3843 1680 3926 discrepent
1707 3865 1728 3908 a
1750 3845 1899 3929 pendam,

510 3946 617 4026 fictitia
638 3954 796 4012 vocantur
816 3947 906 4032 figuli
929 3956 999 4015 arte
1021 3950 1190 4032 fabricata,
1211 3957 1300 4019 vraks
1321 3957 1424 4020 cistae
1439 3955 1554 4020 viando
1569 3953 1620 4018 rel
1635 3952 1806 4037 plectendo
1823 3973 1897 4018 oon-

510 4053 625 4131 fectae‚
648 4055 744 4122 boves
768 4061 866 4126 attilae
888 4061 943 4144 qni
965 4060 1097 4126 aluntur
1118 4069 1151 4128 et
1172 4065 1368 4146 cognantur.
1406 4066 1452 4129 Ac
1474 4085 1514 4129 ne
1537 4085 1576 4130 ea
1598 4063 1736 4148 quidem,
1759 4082 1843 4146 qnae
1865 4062 1899 4126 in

510 4164 672 4248 plerisque
694 4169 905 4252 conspicitur,
928 4172 975 4236 vis
996 4173 1124 4256 passiva
1150 4176 1212 4239 toti
1239 4175 1345 4258 generi
1373 4175 1551 4240 communie
1573 4177 1632 4240 est.
1676 4173 1789 4238 Flebile
1816 4174 1899 4238 enim

511 4296 640 4340 carmen
667 4277 701 4340 id
728 4279 847 4344 dicitur
875 4281 960 4364 quod
988 4281 1111 4360 fletum,
1140 4285 1280 4351 tendite
1306 4285 1445 4360 facinus,
1474 4283 1559 4369 quod
1586 4283 1755 4348 horrorem
1783 4267 1898 4361 movet,

510 4387 646 4470 spongia
667 4389 802 4464 catena,
830 4389 871 4455 ad
893 4391 1061 4457 delendum
1084 4393 1134 4459 vel
1157 4393 1342 4460 diluendum
1371 4401 1463 4480 apta,
1495 4415 1572 4478 eger
1592 4395 1707 4480 sertit'e
1732 4393 1817 4459 idem
1845 4395 1900 4477 qni

509 4497 610 4577 ferax,
633 4501 748 4565 emmila
769 4506 844 4564 sunt
866 4521 949 4584 qnae
969 4503 1076 4568 standi
1097 4505 1285 4571 facultatem
1304 4507 1433 4585 habent,
1456 4506 1562 4571 alitilia
1586 4505 1760 4588 respondet
1777 4503 1898 4570 Graeco

508 4607 706 4696 θρεπτικός,
729 4615 839 4676 nostro
862 4613 1016 4694 antelati,
1034 4616 1177 4700 perutiles
1199 4621 1232 4680 et
1254 4617 1381 4682 dolores
1406 4614 1565 4700 appellari
1587 4622 1739 4698 possunt,
1766 4615 1822 4699 qui
1843 4636 1899 4698 pa·

512 4717 612 4784 tiendi
635 4724 716 4800 snut,
739 4726 772 4786 et
793 4721 937 4788 homines
960 4744 999 4790 ea
1018 4731 1136 4790 natura
1151 4726 1298 4810 praediti,
1314 4732 1353 4792 ut
1366 4727 1531 4810 patiantur
1553 4743 1591 4789 ac
1607 4726 1761 4792 sentiant.
1793 4725 1899 4790 Etiam
